Quarters,Year,Quarter,FillingDate,Date,NetIncome,Revenue,OperatingIncome,EPSDiluted,GrossProfit,GrossProfitRatio,TotalAssets,CommonStockEquity,CurrentAssets,CurrentLiability,TotalLiability,Inventory,RetainedEarnings,MarketCap,EnterpriseValue,bookValuePerShare,currentRatio,debtToAssets,debtToEquity,roic,shareholdersEquityPerShare,roe,priceToSalesRatio,peRatio,pbRatio,payoutRatio,inventoryTurnover,dividendYield,assetTurnover,quickRatio,returnOnAssets,priceToFreeCashFlowsRatio,grossProfitMargin,epsdilutedGrowth,fiveYNetIncomeGrowthPerShare,fiveYRevenueGrowthPerShare,fiveYShareholdersEquityGrowthPerShare,grossProfitGrowth,netIncomeGrowth,operatingIncomeGrowth,threeYNetIncomeGrowthPerShare,threeYRevenueGrowthPerShare,threeYShareholdersEquityGrowthPerShare,Industry,Sector,Symbol
2023Q1,2023,Q1,2023-04-06,2023-03-31,90200000.0,929300000.0,143900000.0,0.07,233500000.0,0.2512643926,10500400000.0,5887000000.0,1940800000.0,1126400000.0,4544600000.0,1138900000.0,-9198200000.0,5769750000.0,8016950000.0,4.805714285714286,1.7230113636363635,0.25886632890175615,0.46172923390521486,0.011578377506217413,4.805714285714286,0.015321895702395108,6.208705477240934,15.991546563192905,0.9800832342449464,0.4079822616407982,0.610940381069453,0.006378092638329217,0.08850139042322197,0.6818181818181818,0.008590148946706792,-11539.5,0.25126439255353494,1.85995085995086,-0.1325491708969205,0.05686711561629386,0.28703790262500617,5.473180076628353,1.844569288389513,3.044034090909091,-0.24711062322239405,0.0817855449522387,0.12981338758683467,Gold,Basic Materials,KGC
2022Q4,2022,Q4,2022-12-31,2022-12-31,-106800000.0,1076200000.0,-70400000.0,-0.0814,-52200000.0,-0.0485039955,10396400000.0,5823700000.0,1852600000.0,751500000.0,4514200000.0,1072200000.0,-9251600000.0,5316382410.0,7514282410.0,4.4802896336420615,2.4652029274783764,0.251625562694779,0.44919896285866373,-0.0078345991282608,4.4802896336420615,-0.018338856740560124,4.939957637985504,-12.444715379213482,0.9128874100657657,-0.34737827715355807,1.0524155941055773,0.00697842952948902,0.10351660190065792,0.9992015968063872,-0.010272786733869416,35.324800066445185,-0.04850399553986248,-2.628,-1.4751958915318353,0.28590079341682434,0.2301345021246475,-1.2532751091703056,-2.645608628659476,-1.632524707996406,-1.1991892650748022,0.05074042136176838,0.06502259224639492,Gold,Basic Materials,KGC
2022Q3,2022,Q3,2022-09-30,2022-09-30,64900000.0,856500000.0,111300000.0,0.05,206100000.0,0.2406304729,10539500000.0,6176900000.0,1914100000.0,643100000.0,4306300000.0,1092100000.0,-9108500000.0,4887432240.0,6951432240.0,4.752013503106899,2.9763644845280672,0.2421746762180369,0.41321698586669686,0.008316878956894464,4.752013503106899,0.01050688856869951,5.706283992994746,18.826780585516175,0.7912435428774952,0.600924499229584,0.5955498580716052,0.007979650271325297,0.08126571469234783,0.9765199813403825,0.006157787371317425,-105.78857662337663,0.24063047285464098,7.849315068493151,0.03596187709754067,-0.007636962870860194,0.35300610506982283,0.083596214511041,7.831578947368421,0.7390625,0.027108313570048774,-0.058832121369988284,0.24917590261704708,Gold,Basic Materials,KGC
2022Q2,2022,Q2,2022-06-30,2022-06-30,-9500000.0,821500000.0,64000000.0,-0.0073,190200000.0,0.2315276932,10930800000.0,6255600000.0,2388700000.0,796200000.0,4604600000.0,1053800000.0,-9134400000.0,4651221920.0,6589521920.0,4.8148741094684215,3.0001255965837728,0.24311120869469754,0.42480337617494723,-0.0015707321347820447,4.8148741094684215,-0.0015186392991879277,5.661864783931832,-122.40057684210527,0.7435293049427713,-4.105263157894737,0.5990700322641868,0.008384893404527126,0.07515460899476709,1.0825169555388094,-0.0008691038167380246,87.9248,0.23152769324406575,-1.1135303265940901,-1.2754723605127398,-0.09224183965289132,0.3884349307434839,0.07701019252548132,-1.1155717761557178,-0.375609756097561,-1.128068378116099,-0.05486997996006697,0.28298973281003137,Gold,Basic Materials,KGC
2022Q1,2022,Q1,2022-03-31,2022-03-31,82200000.0,768000000.0,102500000.0,0.0643,176600000.0,0.2299479167,11122000000.0,6367700000.0,2189600000.0,661100000.0,4684200000.0,1044400000.0,-9055100000.0,7435207080.0,9761007080.0,5.035781195753865,3.3120556648010893,0.2499550440568243,0.436578356392418,0.01178796306474616,5.035781195753865,0.012908899602682287,9.68125921875,22.6131602189781,1.1676440598646292,0.4732360097323601,0.5662581386441976,0.005231865041746759,0.0690523287178565,0.825744970503706,0.007390757058083079,93.76049281210592,0.22994791666666667,27.791666666666668,-0.39842522872757485,-0.04970935690154113,0.45917813697885723,0.5981900452488688,28.4,1.8792134831460674,0.25652235212756946,-0.0338804680575996,0.3719388208892,Gold,Basic Materials,KGC
2021Q4,2021,Q4,2021-12-31,2021-12-31,-3000000.0,879500000.0,35600000.0,-0.0024,110500000.0,0.1256395679,10428100000.0,6580900000.0,1948900000.0,741400000.0,3778500000.0,1151300000.0,-8492400000.0,7327571999.999999,8480771999.999999,5.217967015540755,2.6286754788238467,0.161553878462999,0.25599841966904224,-0.0005629790065761007,5.217967015540755,-0.00045586469935723076,8.331520181921546,-610.631,1.1134604689328207,-12.533333333333333,0.6679405888995049,0.00513130406634012,0.08433942904268275,0.9545454545454546,-0.000287684237780612,-69.58757834757834,0.12563956793632747,0.9340659340659341,0.9748815498628473,-0.03832199601451368,0.5670893581831481,-0.5251396648044693,0.934640522875817,-0.5116598079561042,0.8960031405321606,0.10866955032684639,0.4477435720665143,Gold,Basic Materials,KGC
2021Q3,2021,Q3,2021-09-30,2021-09-30,-45900000.0,862500000.0,72900000.0,-0.0364,232700000.0,0.2697971014,10411200000.0,6681000000.0,1962300000.0,771500000.0,3662000000.0,1156100000.0,-8452100000.0,6760032000.0,7642232000.0,5.297335870599429,2.54348671419313,0.14103081297064698,0.21977248914833108,-0.006949240148623285,5.297335870599429,-0.006870229007633588,7.837718260869565,-36.81934640522876,1.0118293668612484,-0.8235294117647058,0.5447625637920596,0.005591689506795234,0.08284347625633932,1.0300712896953985,-0.004408713692946058,280.4992531120332,0.2697971014492754,-1.4044444444444446,-19.122711703139863,-0.06465295735967097,0.5374302758682402,-0.2615042843541733,-1.3847443419949708,-0.6240330067044868,0.567904397114673,0.13407269196688487,0.4536599366587077,Gold,Basic Materials,KGC
2021Q2,2021,Q2,2021-06-30,2021-06-30,119300000.0,1000900000.0,193900000.0,0.09,315100000.0,0.314816665,10462900000.0,6819800000.0,2021700000.0,661100000.0,3575300000.0,1150800000.0,-8369400000.0,8009255000.0,8804455000.0,5.406961071909934,3.058085009832098,0.14057288132353363,0.21566614856740668,0.017141946628090536,5.406961071909934,0.017493181618229273,8.002053152163054,16.783853730092204,1.1744120062171912,0.3176865046102263,0.5959332638164755,0.004732025637840224,0.09566181460207017,1.2991983058538799,0.01140219250876908,45.76717142857143,0.31481666500149863,-0.25,5.3586147155638955,0.1265750314554872,0.5752314528462172,-0.12374860956618465,-0.2020066889632107,-0.19975237309120925,48.27087793017786,0.28011823950199866,0.46512261738735955,Gold,Basic Materials,KGC
2021Q1,2021,Q1,2021-03-31,2021-03-31,149500000.0,986500000.0,242300000.0,0.12,359600000.0,0.364521034,10782400000.0,6704500000.0,2315100000.0,1072000000.0,4010800000.0,1098200000.0,-8450800000.0,8398864000.0,9314164000.0,5.324412325285896,2.1596082089552238,0.18283499035465203,0.2940413155343426,0.018251098993914576,5.324412325285896,0.022298456260720412,8.513800304105423,14.044923076923077,1.252720411663808,0.2528428093645485,0.5708431979602987,0.0045006086537417445,0.09149169016174506,1.1246268656716418,0.01386518771331058,162.4538491295938,0.36452103395843893,-0.8064516129032259,10.106996038567905,0.17485056977832014,0.4905255599445477,-0.6809794180269695,-0.8091408145027448,-0.7558198125566865,0.39868814936581376,0.091447652652315,0.4259525357588239,Gold,Basic Materials,KGC
2020Q4,2020,Q4,2020-12-31,2020-12-31,783300000.0,1195100000.0,992300000.0,0.62,1127200000.0,0.9431846707,10933200000.0,6596500000.0,2449700000.0,1348400000.0,4270200000.0,1072900000.0,-8562500000.0,9234454000.0,10022154000.0,5.243223909069231,1.8167457727677248,0.18280100976841182,0.3029788524217388,0.0943013722314255,5.243223909069231,0.11874478890320625,7.726929964019748,2.947291586876037,1.3999020692791633,0.09638708030128941,0.06328641998322304,0.008175902982461118,0.10930925986902279,0.9686294867991694,0.07164416639227307,24.436237099761843,0.9431846707388503,2.263157894736842,1.8453070037696646,0.5419122657819639,0.5453442951086467,1.3141038801067542,2.2542584129621934,1.5223690899847484,2.600868760140174,0.47535476958623174,0.4396101949479944,Gold,Basic Materials,KGC
2020Q3,2020,Q3,2020-09-30,2020-09-30,240700000.0,1131300000.0,393400000.0,0.19,487100000.0,0.4305666048,10008000000.0,5822700000.0,2318000000.0,1316700000.0,4128400000.0,1032000000.0,-9308000000.0,11096442000.0,12129642000.0,4.628169461886972,1.7604617604617605,0.19651278976818545,0.3377642674360692,0.033388434680566216,4.628169461886972,0.04133821079567898,9.808575974542562,11.52517864561695,1.9057210572414862,0.0,0.6242248062015504,0.0,0.11303956834532373,0.8764335080124553,0.02405075939248601,35.215620437956204,0.4305666047909485,0.2666666666666667,5.1301392962304835,0.27349638685277894,0.12643225915347486,0.16922707633221315,0.22994379151762903,0.2251635004671442,2.969656327496988,0.35424967946834934,0.31774489553463797,Gold,Basic Materials,KGC
2020Q2,2020,Q2,2020-06-30,2020-06-30,195700000.0,1007200000.0,321100000.0,0.15,416600000.0,0.4136219222,10364700000.0,5605900000.0,2825600000.0,750900000.0,4743800000.0,985000000.0,-9511000000.0,9079872000.0,10271372000.0,4.457617684478372,3.7629511253162873,0.26229413297056353,0.4849533527176724,0.025185394611273334,4.457617684478372,0.03490964876291051,9.014964257347101,11.599223300970873,1.619699245437842,0.0,0.5995939086294416,0.0,0.09717599158682837,2.3232121454254893,0.018881395505899835,42.29097345132743,0.4136219221604448,0.4999999999999999,3.1108238478100487,0.2155465953443741,0.07071007144934092,0.5697061039939714,0.5949470252648736,0.6671858774662512,4.862552658687146,0.14979341445594951,0.28541514488588693,Gold,Basic Materials,KGC
2020Q1,2020,Q1,2020-03-31,2020-03-31,122700000.0,879800000.0,192600000.0,0.1,265400000.0,0.3016594681,9826600000.0,5336500000.0,2409600000.0,673100000.0,4475400000.0,1023300000.0,-9706700000.0,4993308000.0,6392608000.0,4.253546947234178,3.579854404991829,0.25826837359819266,0.4755738780099316,0.017806326589956397,4.253546947234178,0.022992598144851495,5.675503523528074,10.173814180929096,0.9356896842499766,0.0,0.6004104368220463,0.0,0.08953249343618343,1.9872232952013074,0.012486516190747563,58.1293131548312,0.3016594680609229,-0.7560975609756097,15.932118603538976,0.027658176956662246,0.010190934394777177,-0.5898624632977901,-0.7647171620325983,-0.6613924050632911,-0.09494948633604865,0.09720972956938391,0.23251636017281788,Gold,Basic Materials,KGC
2019Q4,2019,Q4,2019-12-31,2019-12-31,521500000.0,996200000.0,568800000.0,0.41,647100000.0,0.6495683598,9076000000.0,5318500000.0,1824700000.0,615500000.0,3743400000.0,1053800000.0,-9829400000.0,5992668240.0,7309868240.0,4.2067554869348145,2.964581640942323,0.20849493168796826,0.3557958070884648,0.06712039856337272,4.2067554869348145,0.09805396258343518,6.015527243525397,2.872803566634708,1.1267590937294352,0.0,0.3312772822167394,0.0,0.10976200969590127,1.1580828594638506,0.05745923314235346,54.281415217391306,0.649568359767115,7.199999999999999,1.3147776258663837,0.1397699943381112,-0.00577073501020263,1.4926810477657935,7.563218390804598,2.4981549815498156,5.35580034916362,0.08663188582991317,0.26339659419463135,Gold,Basic Materials,KGC
2019Q3,2019,Q3,2019-09-30,2019-09-30,60900000.0,877100000.0,162600000.0,0.05,259600000.0,0.2959753734,8444000000.0,4765800000.0,1624600000.0,598700000.0,3658200000.0,1033600000.0,-10350900000.0,5762880000.0,7288680000.0,3.80411877394636,2.713546016368799,0.22309332070108953,0.39527466532376515,0.010090796221071287,3.80411877394636,0.012778547148432582,6.570379660243986,23.657142857142855,1.2092156615888203,0.0,0.5974264705882353,0.0,0.10387257224064425,0.7760146985134458,0.00721222169587873,-170.49940828402367,0.2959753733895793,-0.1666666666666666,13.938468992248062,-0.15271449983125882,-0.28528753274428986,0.11993097497842968,-0.14825174825174825,0.12681912681912683,23.20638888888889,-0.04244219163093565,0.10405825096419635,Gold,Basic Materials,KGC
2019Q2,2019,Q2,2019-06-30,2019-06-30,71500000.0,837800000.0,144300000.0,0.06,231800000.0,0.2766770112,8407300000.0,4699700000.0,1661500000.0,576500000.0,3687500000.0,991300000.0,-10411800000.0,4570895000.0,6036695000.0,3.752854747265032,2.8820468343451866,0.23089457971048968,0.41304764133880884,0.013038993564515435,3.752854747265032,0.015213737047045556,5.4558307471950345,15.98215034965035,0.9725929314637105,0.0,0.6113184706950469,0.0,0.09965149334506916,1.004683434518647,0.008504513934318985,81.18818827708704,0.27667701121986155,0.1999999999999999,0.481620303901592,-0.16041898631925752,-0.3000705715824474,0.10171102661596958,0.10510046367851623,0.25043327556325823,3.631019664557954,-0.05022703456129086,0.09333408493857055,Gold,Basic Materials,KGC
2019Q1,2019,Q1,2019-03-31,2019-03-31,64700000.0,786200000.0,115400000.0,0.05,210400000.0,0.2676163826,8217300000.0,4590400000.0,1597400000.0,529200000.0,3606400000.0,1004200000.0,-10483300000.0,4177004000.0,5693104000.0,3.6705581320965934,3.0185185185185186,0.23401847322113103,0.4189177413733008,0.012248162596525562,3.6705581320965934,0.014094632276054375,5.312902569320784,16.139891808346214,0.9099433600557686,0.0,0.5733917546305517,0.0,0.09567619534396943,1.0309901738473166,0.007873632458350066,-316.43969696969697,0.2676163825998474,3.183406113537118,0.9991447348515955,-0.12030915153386024,-0.3078140944550923,0.6724960254372019,3.262237762237762,30.58974358974359,4.968391642599787,-0.05725362227357554,0.02754264337680086,Gold,Basic Materials,KGC
2018Q4,2018,Q4,2018-12-31,2018-12-31,-28600000.0,786500000.0,-3900000.0,-0.0229,125800000.0,0.1599491418,8063800000.0,4506700000.0,1597900000.0,612400000.0,3536500000.0,1052000000.0,-10548000000.0,4051296000.0000005,5437296000.0,3.6042066538707616,2.6092423252775965,0.2151591061286242,0.384982359597932,-0.007769622406381763,3.6042066538707616,-0.006346106907493288,5.151043865225684,-35.41342657342658,0.8989495639825149,0.0,0.628041825095057,0.0,0.09753466107790372,0.8158066623122142,-0.003546714948287408,-45.26587709497207,0.15994914176732358,0.7280285035629454,0.9646807997129735,-0.1801000603760735,-0.3148171820135614,0.9473684210526315,0.7283950617283951,0.9205702647657841,0.9689459268805627,0.0209873027547074,0.06227395349601572,Gold,Basic Materials,KGC
2018Q3,2018,Q3,2018-09-30,2018-09-30,-105300000.0,753900000.0,-49100000.0,-0.0842,64600000.0,0.085687757,8169200000.0,4555900000.0,1774600000.0,577800000.0,3591800000.0,1047700000.0,-10520300000.0,3438050000.0,4702350000.0,3.644136938089906,3.0713049498096225,0.21230965088380746,0.38069316710199963,-0.011544058294141844,3.644136938089906,-0.02311288658662394,4.560352831940576,-8.162511870845204,0.7546368445312671,0.0,0.6579173427507874,0.0,0.09228565832639671,1.2064728279681551,-0.012889879057924889,-23.04323056300268,0.0856877569969492,-45.315789473684205,-3.2970321884536657,-0.21365403171918373,-0.38377280367660593,-0.50231124807396,-44.875,-2.060475161987041,-0.8182460297877763,-0.1459774442019595,-0.11306760963682981,Gold,Basic Materials,KGC
2018Q2,2018,Q2,2018-06-30,2018-06-30,2400000.0,775000000.0,46300000.0,0.0019,129800000.0,0.167483871,8223800000.0,4613800000.0,2176200000.0,586500000.0,3574600000.0,1074300000.0,-10415900000.0,4700752000.0,5515852000.0,3.690449528075508,3.7104859335038363,0.2108271115542693,0.37578568641900384,0.0005780226548260104,3.690449528075508,0.0005201785946508301,6.0654864516129035,489.66166666666663,1.0188460704841995,0.0,0.6005771199851065,0.0,0.09423867311948247,1.8310315430520034,0.00029183589095065543,-75.09188498402555,0.16748387096774195,-0.977620730270907,1.0008829009530567,-0.268862849712641,-0.36986671259944554,-0.4998073217726397,-0.9773798303487277,-0.7397414277684092,1.026039667972651,-0.059149476761684174,-0.11356205094822872,Gold,Basic Materials,KGC
2018Q1,2018,Q1,2018-03-31,2018-03-31,106100000.0,897200000.0,177900000.0,0.0849,259500000.0,0.2892331699,8231500000.0,4667200000.0,2255800000.0,545700000.0,3528600000.0,1093900000.0,-10418300000.0,4962269057.16,5697569057.16,3.7339337683161364,4.133773135422393,0.21055700662090748,0.37135755913609875,0.018425990229543242,3.7339337683161364,0.02273311621528968,5.530839341462327,11.692434159189444,1.0632218583219062,0.0,0.5829600511929792,0.0,0.10899593026787341,2.01795858530328,0.012889509809876694,106.48646045407725,0.28923316986179226,-0.5005882352941177,-0.3967686373405109,-0.22624028254560805,-0.5713167866670641,0.41032608695652173,-0.5124080882352942,0.7288629737609329,13.960081531090262,0.051887928536233204,-0.11321396256454125,Gold,Basic Materials,KGC
2017Q4,2017,Q4,2017-12-31,2017-12-31,217600000.0,810300000.0,102900000.0,0.17,184000000.0,0.2270763915,8157200000.0,4583600000.0,2284400000.0,585300000.0,3538000000.0,1094300000.0,-10580700000.0,5638080000.000001,6344880000.000001,3.642113627334128,3.9029557491884503,0.2124013141764331,0.37799982546470023,0.024710967316536186,3.642113627334128,0.04747360153591064,6.9580155497963725,6.477573529411766,1.230054978619426,0.0,0.5723293429589692,0.0,0.09933555631834454,1.9308047155304973,0.026675820134359828,106.17853107344635,0.2270763914599531,2.4,1.0659984083056087,-0.38158026473146306,-0.5784847480090856,-0.04613789528252981,2.6206322795341097,0.2846441947565543,1.1319462669515008,-0.06866656414129386,-0.13921881935852926,Gold,Basic Materials,KGC
2017Q3,2017,Q3,2017-09-30,2017-09-30,60100000.0,828000000.0,80100000.0,0.05,192900000.0,0.2329710145,8089100000.0,4379700000.0,2315800000.0,584400000.0,3672800000.0,1042000000.0,-10798300000.0,5287280000.0,6027180000.0,3.5121892542101043,3.9626967830253252,0.21411529094707693,0.3954608763157294,0.01581669052307533,3.5121892542101043,0.013722401077699386,6.3856038647343,21.993677204658905,1.207224239103135,0.0,0.6095009596928983,0.0,0.10235996588001137,1.9804928131416837,0.00742975114660469,-755.3257142857143,0.23297101449275362,0.6666666666666669,-0.7558286084914154,-0.31823529756086133,-0.6883220969471557,-0.07259615384615385,0.8157099697885196,-0.23641563393708293,13.827893922157363,-0.19642523254923583,-0.34013483897049024,Gold,Basic Materials,KGC
2017Q2,2017,Q2,2017-06-30,2017-06-30,33100000.0,868600000.0,104900000.0,0.03,208000000.0,0.239465807,8034500000.0,4324400000.0,2249700000.0,539400000.0,3673500000.0,971800000.0,-10858400000.0,5075290000.0,5748490000.0,3.467842822774659,4.170745272525028,0.215881510983882,0.4010961058181482,0.0061185501310592185,3.467842822774659,0.0076542410507816116,5.843069306930693,38.33300604229608,1.1736402737952087,0.0,0.6797694998970981,0.0,0.10810878088244445,2.17890248424175,0.004119733648640239,-241.68047619047618,0.23946580704582085,-0.7272727272727273,-0.7395742195061251,-0.21253052821954976,-0.6878162440201354,0.7362270450751253,-0.7540861812778603,1.1584362139917694,-0.3111878485689919,-0.12585393891495975,-0.35322696766895045,Gold,Basic Materials,KGC
2017Q1,2017,Q1,2017-03-31,2017-03-31,134600000.0,796100000.0,48600000.0,0.11,119800000.0,0.1504836076,8003800000.0,4298700000.0,2245700000.0,512800000.0,3667100000.0,964800000.0,-10891500000.0,4372056000.0,5286856000.0,3.451107899807322,4.379290171606864,0.21662210450036232,0.4033312396771117,0.007885451002873668,3.451107899807322,0.03131179193709726,5.491842733324959,8.120460624071322,1.0170646939772487,0.0,0.7009742951907131,0.0,0.09946525400434794,1.9120514820592824,0.016817011919338314,151.28221453287196,0.15048360758698656,2.1615628299894403,0.1635147583258444,-0.2982890668458008,-0.6859819873223552,-0.11651917404129794,2.1416454622561494,2.194103194103194,3.175657232376886,-0.10565623586165948,-0.3491975441356523,Gold,Basic Materials,KGC
2016Q4,2016,Q4,2016-12-31,2016-12-31,-117900000.0,902800000.0,-40700000.0,-0.0947,135600000.0,0.1501993797,7979300000.0,4145500000.0,2080700000.0,637700000.0,3795000000.0,986800000.0,-11026100000.0,3871950000.0,4778150000.0,3.329718875502008,3.262819507605457,0.21721203614352136,0.4180919068869859,-0.012442942006010123,3.329718875502008,-0.028440477626341817,4.288823659725299,-8.210241730279897,0.9340127849475335,0.0,0.7774625050668829,0.0,0.11314275688343589,1.6197271444252783,-0.014775732207085834,50.87976346911958,0.15019937970757644,-48.35,0.9612615961743186,-0.13109934735254078,-0.69431533922363,1.029940119760479,-48.16,-0.12742382271468145,0.8537694050106422,-0.05477915309625225,-0.36699907044206087,Gold,Basic Materials,KGC
2016Q3,2016,Q3,2016-09-30,2016-09-30,2500000.0,910200000.0,-36100000.0,0.002,66800000.0,0.0733904636,8012300000.0,4289400000.0,2062600000.0,535500000.0,3682700000.0,1013700000.0,-10909600000.0,5241029000.0,6217129000.0,3.445577958068921,3.8517273576097106,0.2162300463038079,0.4039026437263953,0.00023056868072560846,3.445577958068921,0.0005828320977292862,5.758107009448473,524.1029,1.2218559705320091,0.0,0.8320015783762454,0.0,0.1136003394780525,1.7092436974789915,0.00031202026883666363,46.628371886120995,0.07339046363436608,1.0921658986175113,-0.9892628717264275,-0.2226989146018787,-0.7405132993495956,-0.5811912225705329,1.0925925925925926,-1.5216763005780347,-0.9452323954287192,-0.04658544004351173,-0.41734932553675824,Gold,Basic Materials,KGC
2016Q2,2016,Q2,2016-06-30,2016-06-30,-27000000.0,876400000.0,69200000.0,-0.0217,159500000.0,0.181994523,8306900000.0,4270700000.0,2264700000.0,777400000.0,3995700000.0,1056500000.0,-10912100000.0,6084138000.0,7098938000.0,3.4324867384664843,2.9131721121687675,0.23871721099327065,0.4643266911747489,-0.007046394572149137,3.4324867384664843,-0.006322148593907322,6.942193062528526,-56.33461111111111,1.4246231296977077,0.0,0.6785612872692853,0.0,0.10550265441981967,1.4260355029585798,-0.0032503099832669226,30.13441307578009,0.18199452304883615,-0.6692307692307693,-1.0996266979512506,-0.19007460866649642,-0.7402877540552629,0.4177777777777778,-0.7647058823529411,2.8876404494382024,0.9900194653757405,-0.16921467676132967,-0.4139130921547618,Gold,Basic Materials,KGC
2016Q1,2016,Q1,2016-03-31,2016-03-31,-15300000.0,782600000.0,17800000.0,-0.013,112500000.0,0.1437515972,8132900000.0,4192300000.0,2171800000.0,674200000.0,3898100000.0,1165600000.0,-10936000000.0,3990240000.0,5222040000.0,3.572171097477846,3.2212993177098785,0.24372610016107416,0.47281921618204803,-0.14702405053040732,3.572171097477846,-0.003649547980821983,5.0986966521850245,-65.2,0.9518021133983732,0.0,0.5748970487302677,0.0,0.09622643829384353,1.4216849599525363,-0.0018812477713976564,53.2032,0.14375159723996933,0.9824324324324324,-1.0578620052105219,-0.19296344553496017,-0.7261686433942706,1.1750427882371246,0.9818784792135496,1.0248152795204237,-1.0926466372341037,-0.28116966612029237,-0.5898883377001046,Gold,Basic Materials,KGC
2015Q4,2015,Q4,2015-12-31,2015-12-31,-844300000.0,706200000.0,-717300000.0,-0.74,-642700000.0,-0.9100821297,7735400000.0,3889300000.0,2292100000.0,701800000.0,3802200000.0,1005200000.0,-10922100000.0,2086266000.0,3023766000.0,3.3929163395271744,3.2660302080364776,0.25614706414665045,0.5094490011055974,-0.13623764469807714,3.3929163395271744,-0.21708276553621475,2.954214103653356,-0.6177502072722966,0.5364116936209601,0.0,1.3419220055710306,0.0,0.09129456783101068,1.7777144485608436,-0.109147555394679,97.03562790697674,-0.9100821297082979,-14.982721382289416,-4.9797173722198025,-0.23941839517449773,-0.7122964936677939,-8.361970217640321,-14.900188323917137,-54.52985074626866,0.7188576391455068,-0.40827469481735856,-0.6073252698360462,Gold,Basic Materials,KGC
2015Q3,2015,Q3,2015-09-30,2015-09-30,-53100000.0,809400000.0,13400000.0,-0.0463,87300000.0,0.1078576723,8562400000.0,4709800000.0,2500300000.0,737100000.0,3806300000.0,1172800000.0,-10080200000.0,1971636000.0,2927436000.0,4.108697548634738,3.3920770587437254,0.23131365037839857,0.42052741093040047,0.005780020951499618,4.108697548634738,-0.011274364091893498,2.4359229058561898,-9.282655367231639,0.41862414539895537,0.0,0.615706002728513,0.0,0.09452957114827619,1.6133496133496132,-0.006201532280668972,32.42822368421053,0.1078576723498888,0.3717774762550882,-1.1023671809889197,-0.26404536381736704,-0.7625857372702242,0.572972972972973,0.3715976331360947,1.2058371735791091,-1.2346837333502145,-0.27500412307194655,-0.6353868930320946,Gold,Basic Materials,KGC
2015Q2,2015,Q2,2015-06-30,2015-06-30,-84500000.0,755200000.0,-65100000.0,-0.0737,55500000.0,0.0734904661,8709900000.0,4771900000.0,2545700000.0,528300000.0,3891300000.0,1181200000.0,-10027500000.0,2659184000.0,3657884000.0,4.163235037515268,4.818663638084422,0.23307959907691247,0.4254280265722249,-0.008995832868628902,4.163235037515268,-0.017707831262180684,3.521165254237288,-7.867408284023668,0.5572589534566944,0.0,0.5923636979343041,0.0,0.0867059323298775,2.2850653038046564,-0.009701603921973846,68.71276485788114,0.07349046610169492,-10.338461538461539,-1.4963086536428154,-0.3390463528689065,-0.5114496222916138,-0.5398009950248757,-10.266666666666667,-2.531764705882353,-1.7233004560797598,-0.2551275153037206,-0.6252153233408114,Gold,Basic Materials,KGC
2015Q1,2015,Q1,2015-03-31,2015-03-31,-7500000.0,781400000.0,42500000.0,-0.0065,120600000.0,0.154338367,8803400000.0,4821600000.0,2544600000.0,522600000.0,3933800000.0,1238500000.0,-9944300000.0,2565024000.0000005,3583624000.0000005,4.210636625622216,4.869115958668197,0.2304904923097894,0.42083540733366515,-0.0026139377539209888,4.210636625622216,-0.0015555002488800399,3.282600460711544,-85.50080000000001,0.53198606271777,0.0,0.5335486475575293,0.0,0.08876116046073108,2.420589360887868,-0.0008519435672581048,25.49725646123261,0.15433836703352957,0.9950381679389313,-1.041240268504705,-0.27735175860925243,-0.4843332607478701,1.104100129477773,0.994999666644443,1.032657138466267,-1.0705217831198326,-0.25079751179319654,-0.6168720933473529,Gold,Basic Materials,KGC
2014Q4,2014,Q4,2014-12-31,2014-12-31,-1499900000.0,791300000.0,-1301400000.0,-1.31,-1158500000.0,-1.4640465058,8951400000.0,4843000000.0,2587100000.0,604400000.0,4059600000.0,1276700000.0,-9937600000.0,3227772000.0,4302372000.0,4.231172461995457,4.2804434149569826,0.22991934222579707,0.42496386537270286,-0.1847720738990509,4.231172461995457,-0.3097047284740863,4.079074939972197,-0.5379978665244349,0.6664819326863514,0.0,1.5272186104801442,0.0,0.08839957995397368,1.9859364659166114,-0.16756038161628348,-246.39480916030536,-1.4640465057500316,-343.7368421052632,-4.9284613407253435,-0.3014468511342806,-0.46245577661527276,-7.04014598540146,-347.8139534883721,-12.557726465364121,0.463949343777154,-0.1716090443901766,-0.6115574416064185,Gold,Basic Materials,KGC
2014Q3,2014,Q3,2014-09-30,2014-09-30,-4300000.0,945700000.0,112600000.0,-0.0038,191800000.0,0.2028127313,10111200000.0,6091700000.0,2503200000.0,564700000.0,3944300000.0,1258200000.0,-8702500000.0,3776850000.0,4998050000.0,5.3225862822193095,4.432796174960155,0.20344766199857583,0.3376889866539718,-0.0006751970172964671,5.3225862822193095,-0.0007058784904049772,3.9937083641746853,-219.5843023255814,0.6199993433688461,0.0,0.5991893180734382,0.0,0.09352994698947702,1.8298211439702496,-0.00042527098662868896,25.263210702341137,0.20281273131014063,-1.095,0.0,-0.01377591024940114,-0.3109439385037869,0.12360867018160515,-1.0975056689342404,0.40399002493765584,-1.0200879333324293,-0.12153492107620548,-0.5991556800896612,Gold,Basic Materials,KGC
2014Q2,2014,Q2,2014-06-30,2014-06-30,44100000.0,911900000.0,80200000.0,0.04,170700000.0,0.187191578,10178600000.0,6136000000.0,2429400000.0,570800000.0,3967400000.0,1289600000.0,-8697400000.0,4737816000.0,6085616000.0,5.3617616218105555,4.256131744919411,0.20498889827677677,0.3400423728813559,0.007086569337208724,5.3617616218105555,0.007187092568448501,5.1955433709836605,26.858367346938774,0.7721342894393741,0.0,0.5747518610421837,0.0,0.08958992395810819,1.8673791170287315,0.004332619417208653,113.07436754176611,0.18719157802390612,0.3333333333333334,-0.5051645851113936,-0.0744649651076714,-0.3142070555157431,0.034545454545454546,0.48986486486486486,-0.014742014742014743,-0.8230857118153226,-0.08377484938762508,-0.5943130275157762,Gold,Basic Materials,KGC
2014Q1,2014,Q1,2014-03-31,2014-03-31,29600000.0,817400000.0,81400000.0,0.03,165000000.0,0.2018595547,10166300000.0,6065400000.0,2366300000.0,599200000.0,4025400000.0,1340300000.0,-8741500000.0,4735332000.0,6122232000.0,5.302850148627383,3.9490987983978636,0.20566971267816217,0.344725821874897,0.005013959761166215,5.302850148627383,0.004880139809410756,5.793163689747981,39.9943581081081,0.7807122366208328,0.0,0.4867566962620309,0.0,0.08040289977671326,1.587283044058745,0.002911580417654407,120.79928571428572,0.20185955468558844,1.0461538461538462,-0.8295716779059019,-0.08735408268467618,-0.32823191759874704,1.2775441547518924,1.0399783900594273,1.1152811216541567,-0.8851413337421286,-0.1351157173666838,-0.5935002522413371,Gold,Basic Materials,KGC
2013Q4,2013,Q4,2013-12-31,2013-12-31,-740400000.0,877100000.0,-706100000.0,-0.65,-594500000.0,-0.677801847,10286700000.0,6014000000.0,2405800000.0,712900000.0,4196800000.0,1322900000.0,-8771100000.0,5007654000.0,6392754000.0,5.260211667978658,3.3746668536961706,0.20605247552665093,0.3524442966411706,-0.08662553019559874,5.260211667978658,-0.12311273694712338,5.7093307490594,-1.690861021069692,0.8326661124043898,0.0,1.1124045657268122,0.0,0.08526543983979314,1.4039837284331604,-0.07197643559158914,-33.95019661016949,-0.6778018469957815,-17.25,0.5456194753049899,0.044320289760550254,-0.27388398880756826,-3.8971734892787526,-18.670644391408114,-7.929342492639843,-4.4991288949711725,-0.05287935306859115,-0.5539585449554756,Gold,Basic Materials,KGC
2013Q3,2013,Q3,2013-09-30,2013-09-30,41900000.0,876300000.0,101900000.0,0.04,205200000.0,0.2341663814,11031900000.0,6757500000.0,2721300000.0,704100000.0,4198100000.0,1376900000.0,-8029000000.0,5770635000.0,6956935000.0,5.9136256235232345,3.8649339582445674,0.1920249458388854,0.3134887162412135,0.005276060234733981,5.9136256235232345,0.006200517943026267,6.585227661759672,34.430996420047734,0.8539600443951165,0.0,0.48739923015469533,0.0,0.07943327985206537,1.7790086635421105,0.0037980764872778037,-33.608823529411765,0.23416638137624102,1.0184331797235022,-0.6457168531969442,-0.04678177495981043,-0.35109520086790685,1.0937542833645544,1.0168788269416693,1.0446205718789683,-0.9189699119806546,-0.20070568846656256,-0.6582909666993615,Gold,Basic Materials,KGC
2013Q2,2013,Q2,2013-06-30,2013-06-30,-2482400000.0,968000000.0,-2283700000.0,-2.17,-2188700000.0,-2.261053719,11047800000.0,6686500000.0,2830300000.0,767800000.0,4284700000.0,1281100000.0,-8070900000.0,5822670000.0,6806770000.0,5.856617325041604,3.6862464183381087,0.19435543728163074,0.3211246541538922,-0.253057328600621,5.856617325041604,-0.3712555148433411,6.015154958677686,-0.5863952223654528,0.8708098407238466,0.0,2.464054328311607,0.0,0.08761925451221057,1.937744204219849,-0.22469631962924747,-26.820221096269,-2.2610537190082645,-16.5,-52.037992761564205,0.7456744253858337,-0.26204317839276625,-7.17056667606428,-16.466666666666665,-10.102032682343562,-15.63778299034516,-0.14946383931502685,-0.31273334787501506,Gold,Basic Materials,KGC
2013Q1,2013,Q1,2013-03-31,2013-03-31,160500000.0,1058100000.0,250900000.0,0.14,354700000.0,0.3352235138,14443100000.0,9934900000.0,3005400000.0,801600000.0,4431100000.0,1278100000.0,-4867900000.0,8965116000.0,9698316000.0,8.710240224443275,3.749251497005988,0.1491369581322569,0.2168114424906139,0.014322336537462545,8.710240224443275,0.0161551701577268,8.472843776580664,13.964355140186917,0.9023861337305862,0.5688473520249221,0.5503481730693999,0.01018391730792998,0.0732598957287563,2.0464071856287425,0.011112572785620816,222.4594540942928,0.33522351384557225,1.0534351145038168,0.21478369146152254,0.7244204411526209,0.10061459357775081,1.125273716182807,1.0537400388401528,1.0796154090245604,-0.11397636915185982,-0.017595586136634405,0.06672258235479336,Gold,Basic Materials,KGC
2012Q4,2012,Q4,2012-12-31,2012-12-31,-2986600000.0,1186900000.0,-3151400000.0,-2.62,-2831400000.0,-2.3855421687,14882400000.0,9850200000.0,3600800000.0,1306200000.0,4956700000.0,1257700000.0,-4937100000.0,11080800000.0,12080500000.0,8.640526315789474,2.7566988210075025,0.17689351179917218,0.2672636088607338,-0.23976697191799173,8.640526315789474,-0.303201965442326,9.33591709495324,-0.9275430255139624,1.12493147347262,0.0,3.1949590522382127,0.0,0.0797519217330538,1.7067064768029399,-0.20067999784980917,-347.3605015673981,-2.3855421686746987,-14.100000000000001,-9.557892003522944,1.094490236785995,0.011079818795407311,-7.814440433212996,-14.27967985771454,-10.185077236957156,-8.853913784886666,0.052013490450016395,0.09772528767732806,Gold,Basic Materials,KGC
2012Q3,2012,Q3,2012-09-30,2012-09-30,224900000.0,1109700000.0,343100000.0,0.2,415500000.0,0.3744255204,17993000000.0,12839500000.0,3618500000.0,1248600000.0,5080500000.0,1123300000.0,-1948000000.0,11815578000.0,13105378000.0,11.268650166754432,2.898045811308666,0.14614016561996332,0.20479769461427624,0.015356843014504379,11.268650166754432,0.01751625842127809,10.647542579075425,13.134257447754557,0.9202521905058608,0.40551356158292573,0.618000534140479,0.007718623667839188,0.06167398432723837,1.9357680602274547,0.012499305285388762,-165.02203910614526,0.37442552041092186,1.0,1.9522952448834492,1.0915913722767718,0.4626945483922442,0.07978170478170478,0.9387931034482758,0.3257341576506955,0.0,0.16243154088257628,0.45882683540920743,Gold,Basic Materials,KGC
2012Q2,2012,Q2,2012-06-30,2012-06-30,116000000.0,1006700000.0,258800000.0,0.1,384800000.0,0.3822389987,16874400000.0,12642400000.0,2796200000.0,1300700000.0,4160300000.0,1015400000.0,-2081700000.0,9275515000.0,9610315000.0,11.1083384588349,2.1497655108787574,0.09926871473948704,0.13249857621970512,0.00950063724886346,11.1083384588349,0.009175473011453522,9.213782656203437,19.99033405172414,0.7336830823261407,0.0,0.6124679929091984,0.0,0.05965841748447352,1.325286384254632,0.006874318494287204,-27.581073446327682,0.382238998708652,0.11111111111111122,0.13712858073618228,0.8029338616302667,0.43042325196739406,-0.09138134592680047,0.09744560075685904,-0.17369093231162197,0.30881299880252455,0.027408469966568597,0.42080545114567247,Gold,Basic Materials,KGC
2012Q1,2012,Q1,2012-03-31,2012-03-31,105700000.0,1036600000.0,313200000.0,0.09,423500000.0,0.4085471735,16705200000.0,12507900000.0,2882900000.0,1232800000.0,4125800000.0,968400000.0,-2235300000.0,11141998999.999998,11272898999.999998,10.990159036991477,2.3384977287475666,0.09684409644900989,0.12934225569440114,0.0068163101498873654,10.990159036991477,0.008450659183396094,10.748600231526142,26.35288315988647,0.8907969363362355,0.8618732261116367,0.6331061544816192,0.008176270703309164,0.06205253454014319,1.4841823491239454,0.006327371117975242,-73.15823374917925,0.4085471734516689,1.0368852459016393,-0.4023518516261896,0.6340570330553637,0.08021988171022432,1.1752099623515784,1.038012011364045,1.1182645470679304,-0.38836164246162547,0.163184363322316,0.39223961730760526,Gold,Basic Materials,KGC
2011Q4,2011,Q4,2011-12-31,2011-12-31,-2780700000.0,949300000.0,-2648300000.0,-2.44,-2417100000.0,-2.5461919309,16508800000.0,12390400000.0,3117800000.0,795700000.0,4038100000.0,976200000.0,-2249900000.0,12967500000.0,12834600000.0,10.89265934065934,3.9183109212014577,0.0989229986431479,0.13180365444214875,-0.19785526731883052,10.89265934065934,-0.22442374741735538,13.660065311281997,-1.1658485273492287,1.046576381714876,0.0,3.4484736734275763,0.0,0.05750266524520256,2.479326379288677,-0.1684374394262454,-77.69622528460155,-2.54619193089645,-13.842105263157894,-22.946684582743988,0.30808593653537464,1.6912585441806152,-6.2306859987015795,-14.079492003762935,-7.352362676900936,-0.7152057884656308,0.13604852950517693,0.5036152251943247,Gold,Basic Materials,KGC
2011Q3,2011,Q3,2011-09-30,2011-09-30,212600000.0,1069200000.0,416900000.0,0.19,462100000.0,0.4321922933,18847800000.0,15093600000.0,3073200000.0,693300000.0,3676900000.0,828800000.0,533800000.0,16800426000.0,16436026000.0,13.278437582475588,4.43271311120727,0.08012606245821793,0.10005565272698362,0.013982461596953431,13.278437582475588,0.014085440186569141,15.713080808080807,19.75591015992474,1.1130827635554141,0.3198494825964252,0.7325048262548263,0.0040475164141671165,0.056728106198070866,3.192990047598442,0.011279831067816933,-181.43008639308854,0.4321922933034044,-0.13636363636363635,0.3058952134326657,0.48328156404165906,2.288367110254876,0.06156673558465426,-0.1406628940986257,0.16452513966480448,0.8071162787666704,0.1691893291307036,0.4570489274751946,Gold,Basic Materials,KGC
2011Q2,2011,Q2,2011-06-30,2011-06-30,247400000.0,987800000.0,358000000.0,0.22,435300000.0,0.4406762503,17928700000.0,15011300000.0,2406700000.0,874600000.0,2842900000.0,728900000.0,389200000.0,17945640000.0,17614040000.0,13.216499383694313,2.7517722387377086,0.041759859889450995,0.049875760260603676,0.016476951551810903,13.216499383694313,0.016480917708659476,18.167280826078155,18.134236054971705,1.1954754085255774,0.0,0.7579914940321032,0.0,0.05509601923173459,1.5306425794648983,0.013799104229531421,-330.49060773480664,0.44067625025308765,0.0,0.14934828951755819,0.19682216441979075,2.9459700627901504,0.06015586945932781,-0.031702544031311154,0.055424528301886794,4.112951291015916,0.7906349242562106,0.6653309131642358,Gold,Basic Materials,KGC
2011Q1,2011,Q1,2011-03-31,2011-03-31,255500000.0,937000000.0,339200000.0,0.22,410600000.0,0.4382070438,18068000000.0,14793200000.0,2809800000.0,943400000.0,2970000000.0,749400000.0,159800000.0,17860500000.0,16769300000.0,13.045149911816578,2.978376086495654,0.02599070179322559,0.0317443149555201,0.015973310042556626,13.045149911816578,0.017271449044155424,19.06136606189968,17.476027397260275,1.2073452667441797,0.2223091976516634,0.7024286095543101,0.003180202122001064,0.05185964135488156,1.9676701293194827,0.014141022802745184,225.51136363636363,0.43820704375667024,4.426791277258568,7.564204314204314,0.4412999917286352,3.1408803840482276,-0.09559471365638766,0.21493105087969566,0.4121565362198168,0.9450695421159557,0.535947429648217,0.6483681274442143,Gold,Basic Materials,KGC
2010Q4,2010,Q4,2010-12-31,2010-12-31,210300000.0,920400000.0,240200000.0,-0.0642,454000000.0,0.4932637983,16397100000.0,13400500000.0,2668500000.0,927400000.0,2798200000.0,737000000.0,-137100000.0,21544248000.0,20580648000.0,11.793100413623163,2.8773991805046366,0.03067615614956303,0.03753591283907317,0.013711379683510813,11.793100413623163,0.01569344427446737,23.40748370273794,25.61132667617689,1.6077197119510467,0.1369472182596291,0.6328358208955224,0.00133678372064785,0.056131876978246155,1.8279059736898857,0.01282543864463838,677.4920754716981,0.4932637983485441,-1.1459090909090908,1.4145857917556686,0.47163730853138314,2.7830854593278653,0.7145015105740181,-0.39377342173537044,0.12717034256217738,-0.39543798295751303,0.6294936226450003,0.37998142629957277,Gold,Basic Materials,KGC
2010Q3,2010,Q3,2010-09-30,2010-09-30,346900000.0,735500000.0,213100000.0,0.44,264800000.0,0.3600271924,16147200000.0,13266800000.0,2473200000.0,796500000.0,2695500000.0,669100000.0,-347300000.0,14404414000.0,13547814000.0,17.306026611009653,3.1050847457627118,0.03246383273880301,0.039512165706877315,0.013117768912276942,17.306026611009653,0.026147978412277263,19.58451937457512,10.380811473046986,1.0857489371966111,0.16546555203228597,0.7034822896428038,0.003984889631747601,0.04554969282600079,2.1279347143753924,0.021483600871977804,105.6042082111437,0.3600271923861319,1.9333333333333336,4.543182104566325,0.8293297201221111,3.8611168866685377,0.012619502868068833,2.342003853564547,-0.033560090702947847,5.768337892359547,1.0604464549397083,1.2463587389496213,Gold,Basic Materials,KGC
2010Q2,2010,Q2,2010-06-30,2010-06-30,103800000.0,696600000.0,220500000.0,0.15,261500000.0,0.3753947746,8386500000.0,5954900000.0,1511400000.0,644900000.0,2251400000.0,538400000.0,-658500000.0,11942492000.0,11958592000.0,8.521608471665713,2.3436191657621337,0.08476718535741966,0.11938067809702933,0.021976446046896986,8.521608471665713,0.017431023190985575,17.14397358598909,28.76322736030829,2.005489932660498,0.0,0.8081352154531947,0.0,0.08306206403147916,1.3806791750659018,0.012377034519763906,111.92588566073103,0.3753947746195808,-0.06250000000000006,4.16519324132375,0.970866109206357,1.3117164985611036,0.1474330846862659,-0.06148282097649186,0.14012409513960702,0.6572058839412037,1.031845699142096,0.0973294473520626,Gold,Basic Materials,KGC
2010Q1,2010,Q1,2010-03-31,2010-03-31,110600000.0,657600000.0,193400000.0,0.16,227900000.0,0.3465632603,7979600000.0,5686400000.0,1851600000.0,587900000.0,2142600000.0,528400000.0,-762300000.0,11901476000.0,11491276000.0,8.165422171165996,3.149515223677496,0.08219710261165973,0.115345385481148,0.0193972197003634,8.165422171165996,0.019449915588069782,18.098351581508517,26.902070524412295,2.0929720033764774,0.379746835443038,0.8132096896290689,0.003528974053302296,0.08241014587197354,2.100187106650791,0.01386034387688606,91.6908782742681,0.3465632603406326,-0.5151515151515151,61.897408896547326,0.8124177799188451,1.1886502456461248,-0.2130524861878453,-0.530560271646859,-0.14500442086648982,0.021991723860353828,0.6941016734239019,-0.19742277230361646,Gold,Basic Materials,KGC
2009Q4,2009,Q4,2009-12-31,2009-12-31,235600000.0,699000000.0,226200000.0,0.33,289600000.0,0.4143061516,8013200000.0,5559500000.0,1390900000.0,638000000.0,2320800000.0,554400000.0,-838100000.0,12995919999.999998,13090719999.999998,7.871301146821464,2.1800940438871472,0.08638246892627165,0.12450759960428096,0.03524549014975619,7.871301146821464,0.04237791168270528,18.592160228898425,13.790237691001698,2.337605899811134,0.0,0.7384559884559885,0.0,0.08723106873658464,1.2036050156739813,0.029401487545549842,76.89893491124259,0.41430615164520745,0.0,0.9933502499219334,0.9873702797038739,1.0632349975759292,0.6196868008948546,0.0,0.8154093097913323,1.9946927440868112,0.5512156243885288,0.9447690231281642,Gold,Basic Materials,KGC
2009Q3,2009,Q3,2009-09-30,2009-09-30,0.0,582300000.0,124600000.0,0.0,178800000.0,0.3070582174,7928000000.0,5368500000.0,1332600000.0,487800000.0,2452200000.0,505300000.0,-1073700000.0,15081500000.0,15349900000.0,7.724460431654676,2.731857318573186,0.09661957618567103,0.1426841762130949,0.0,7.724460431654676,0.0,25.899879787051347,0.0,2.809257706994505,0.0,0.798535523451415,0.00400490667373935,0.07344853683148335,1.4751947519475195,0.0,10772.5,0.30705821741370426,-1.0,1.0,0.6387616144372638,0.5764948425625472,-0.06289308176100629,-1.0,-0.1935275080906149,-1.0,0.3212119535141118,0.9129405451618479,Gold,Basic Materials,KGC
2009Q2,2009,Q2,2009-06-30,2009-06-30,54100000.0,598100000.0,154500000.0,0.0775,190800000.0,0.319010199,8001600000.0,5431400000.0,1438800000.0,486700000.0,2459000000.0,478800000.0,-1017500000.0,12608804999.999998,12901404999.999998,7.8183388513027205,2.956235874255188,0.11725154969006199,0.1727363110800162,0.017309753518901242,7.8183388513027205,0.009960599477114557,21.081432870757396,58.26619685767097,2.3214649998158854,0.0,0.8506683375104428,0.0,0.07474755048990202,1.8908978837065955,0.0067611477704459105,268.8444562899786,0.31901019896338406,-0.48333333333333334,90.81622762823282,0.9230969742966737,0.4795959320410991,0.11318553092182031,-0.4762826718296225,0.09886201991465149,-0.589083302451081,0.18478342419454558,1.3342740125310042,Gold,Basic Materials,KGC
2009Q1,2009,Q1,2009-03-31,2009-03-31,103300000.0,532700000.0,140600000.0,0.15,171400000.0,0.3217570865,7933100000.0,5370200000.0,1397900000.0,529600000.0,2480600000.0,466500000.0,-1036800000.0,12156961000.0,12615461000.0,7.893870351315596,2.6395392749244713,0.13171395797355384,0.1945737588916614,0.016573659748915327,7.893870351315596,0.01923578265241518,22.821402290219634,29.421493223620526,2.263781795836282,0.2691190706679574,0.7744908896034298,0.002286755711398597,0.06714903379511163,1.6389728096676737,0.013021391385460917,139.57475315729047,0.3217570865402666,1.1048951048951048,2.9173685446060893,0.7285814480840003,0.4996488324722766,-0.22161671207992734,1.109917003617791,-0.8646515209857528,4.771770049735653,0.36587222465482544,1.5057261214279751,Gold,Basic Materials,KGC
2008Q4,2008,Q4,2008-12-31,2008-12-31,-939800000.0,484400000.0,1038800000.0,-1.43,220200000.0,0.4545829893,7387500000.0,4776900000.0,1124900000.0,551500000.0,2554300000.0,437100000.0,-1100200000.0,12146148000.000002,12616448000.000002,7.244313011828935,2.0397098821396193,0.13007106598984772,0.2011555611379765,0.18109687272365016,7.244313011828935,-0.19673847055621846,25.07462427745665,-3.2310459672270695,2.542684167556365,-0.0003192168546499255,0.6044383436284603,2.4699188582256695e-05,0.06557021996615905,1.1815049864007252,-0.12721489001692046,219.24454873646212,0.4545829892650702,-15.299999999999999,-16.08813661502975,0.6742211030464622,0.3692617860017219,-0.13511390416339356,-15.503086419753087,6.5991221653255305,-2.1926745195571375,0.33466532573471897,1.3238889059412218,Gold,Basic Materials,KGC
2008Q3,2008,Q3,2008-09-30,2008-09-30,64800000.0,503700000.0,136700000.0,0.1,254600000.0,0.505459599,8266500000.0,5705800000.0,1284800000.0,561400000.0,2532000000.0,407900000.0,-131400000.0,10092732000.0,10381432000.0,9.113240696374381,2.288564303526897,0.12029274783765802,0.1742788040239756,0.015354169089702885,9.113240696374381,0.011356864944442498,20.037188802858843,38.93800925925926,1.7688548494514353,0.404320987654321,0.6106888943368473,0.002595927445611357,0.06093268009435674,1.382614891343071,0.00783886771910724,848.1287394957983,0.5054595989676395,1.5,335.7120268327743,0.6753162727225326,0.6850897891409236,0.9287878787878788,1.4732824427480915,0.8275401069518716,1.810381076244585,0.5339329450514969,1.559832435091576,Gold,Basic Materials,KGC
2008Q2,2008,Q2,2008-06-30,2008-06-30,26200000.0,298700000.0,74800000.0,0.04,132000000.0,0.4419149648,7244400000.0,4880800000.0,1233200000.0,469800000.0,2350400000.0,350900000.0,-169800000.0,14520150000.0,15052050000.0,7.936260162601626,2.6249467858663262,0.13876925625310585,0.20597033273233897,0.00692256292776287,7.936260162601626,0.0053679724635305685,48.61114830934048,138.5510496183206,2.97495287657761,0.007633587786259542,0.4750641208321459,1.3773962390195693e-05,0.041231848048147536,1.7796934865900382,0.0036165866048257964,-64.764272970562,0.44191496484767323,-0.6363636363636365,3.681346341463415,-0.03688106106013788,0.4482696858050054,-0.10204081632653061,-0.6315049226441631,-0.08557457212713937,1.907782796346482,-0.03974482906341079,1.1529249572731484,Gold,Basic Materials,KGC
2008Q1,2008,Q1,2008-03-31,2008-03-31,71100000.0,330200000.0,81800000.0,0.11,147000000.0,0.4451847365,7177700000.0,4857600000.0,1250000000.0,452200000.0,2306100000.0,240300000.0,-195800000.0,13571118000.0,14021018000.0,7.913978494623656,2.7642636001769127,0.16478816333923124,0.24349472990777338,0.010027477782970095,7.913978494623656,0.014636857707509882,41.09969109630527,47.71841772151899,2.793790760869565,0.3488045007032349,0.7623803578859759,0.0018274102398932795,0.046003594466193905,2.1946041574524546,0.009905680092508742,-118.83640980735552,0.4451847365233192,-0.6451612903225807,3.6652759264196213,0.13370306975098684,0.1657711308283362,0.44970414201183434,-0.5897287939988459,2.451476793248945,45.41658520690778,0.03253660433681246,1.121253575529805,Gold,Basic Materials,KGC
2007Q4,2007,Q4,2007-12-31,2007-12-31,173300000.0,281400000.0,23700000.0,0.31,101400000.0,0.3603411514,6729300000.0,4837800000.0,933700000.0,407400000.0,1877500000.0,242800000.0,-253100000.0,10416240000.0,10651440000.0,8.545839957604663,2.2918507609229257,0.11687694113800841,0.16257389722601182,0.0036406248654309087,8.545839957604663,0.03582206788209517,37.015778251599144,15.026312752452393,2.1530943817437675,0.0,0.7413509060955519,0.0,0.041817128081672685,1.6111929307805597,0.025753050094363454,-95.21243144424132,0.3603411513859275,3.428571428571428,3.8395333731137344,-0.2578371258755961,1.4031987276338729,0.0421377183967112,3.3762626262626263,-0.6766712141882674,0.8293758555873764,-0.0017903602281056528,1.2400459282812222,Gold,Basic Materials,KGC
2007Q3,2007,Q3,2007-09-30,2007-09-30,39600000.0,275800000.0,73300000.0,0.07,97300000.0,0.3527918782,6238800000.0,4563100000.0,540100000.0,287900000.0,1659100000.0,131100000.0,-426200000.0,9168804000.0,9564804000.0,7.7040351173391866,1.8759986106286906,0.11035776110790536,0.15088426727444063,0.01071520155265294,7.7040351173391866,0.008678310797484167,33.24439448875997,57.88386363636364,2.0093366351822226,0.0,1.3615560640732265,0.0,0.044207219337051996,1.1583883292810004,0.006347374495095211,-87.99236084452976,0.35279187817258884,-0.22222222222222213,2.451831837919973,-0.1058967021741503,1.7303222303052375,-0.18984179850124897,-0.2528301886792453,0.13996889580093314,1.173380100806796,-0.08923501317758697,0.5723262144802372,Gold,Basic Materials,KGC
2007Q2,2007,Q2,2007-06-30,2007-06-30,53000000.0,290100000.0,64300000.0,0.09,120100000.0,0.4139951741,6031000000.0,4591900000.0,464300000.0,231800000.0,1422100000.0,136500000.0,-465600000.0,6906384000.0,7122084000.0,7.765770336546592,2.0030198446937013,0.07628917260819101,0.10019817504736601,0.0096607784442363,7.765770336546592,0.011542063198240379,23.806907962771458,32.577283018867924,1.5040362377229468,0.0,1.2454212454212454,0.0,0.048101475708837674,1.269197584124245,0.008787929033327806,-103.38898203592814,0.41399517407790415,-0.4,3.6095594869510337,-0.10041557274021715,1.6876605443926793,0.12242990654205607,-0.22627737226277372,0.6572164948453608,104.37674051524888,0.09588386019490479,0.46964750667019695,Gold,Basic Materials,KGC
2007Q1,2007,Q1,2007-03-31,2007-03-31,68500000.0,245700000.0,38800000.0,0.15,107000000.0,0.4354904355,5884500000.0,4484700000.0,440100000.0,246400000.0,1382800000.0,144100000.0,-518600000.0,6078632000.0,6254232000.0,10.174001814882033,1.78612012987013,0.0674993627326026,0.0885677971770687,0.006183535995884664,10.174001814882033,0.01527415434700203,24.74005698005698,22.184788321167883,1.355415523892345,0.0,0.9625260235947258,0.0,0.04175375987764466,1.1757305194805194,0.01164075112583907,296.51863414634147,0.4354904354904355,0.3636363636363636,3.463771596297385,-0.08802078666760749,2.338931412108517,0.19286510590858416,0.6955445544554455,-0.8915595304639463,3.009069331202427,0.23047046123036488,0.9328199304306858,Gold,Basic Materials,KGC
