Year,Date,FillingDate,NetIncome,Revenue,OperatingIncome,EPSDiluted,GrossProfit,GrossProfitRatio,TotalAssets,CommonStockEquity,CurrentAssets,CurrentLiability,TotalLiability,Inventory,RetainedEarnings,EnterpriseValue,bookValuePerShare,currentRatio,debtToAssets,debtToEquity,roic,shareholdersEquityPerShare,roe,priceToSalesRatio,peRatio,pbRatio,payoutRatio,inventoryTurnover,dividendYield,assetTurnover,quickRatio,returnOnAssets,priceToFreeCashFlowsRatio,grossProfitMargin,epsdilutedGrowth,fiveYNetIncomeGrowthPerShare,fiveYRevenueGrowthPerShare,fiveYShareholdersEquityGrowthPerShare,grossProfitGrowth,netIncomeGrowth,operatingIncomeGrowth,threeYNetIncomeGrowthPerShare,threeYRevenueGrowthPerShare,threeYShareholdersEquityGrowthPerShare,Industry,Sector,Price,MarketCap,AvgVolume,Symbol
2022,2022-12-31,2023-03-31,-20460000.0,163912000.0,-18352000.0,-1.38,66157000.0,0.4036129142,770078000.0,111343000.0,363576.0,6976.0,658735000.0,0.0,101660000.0,138975500.0,7.4852436974789915,52.11811926605505,0.048292510628793445,0.3340039337901799,-0.112014934140806,7.4852436974789915,-0.18375650018411574,0.6806243594123677,-5.452712609970674,1.0019713857180066,0.0,0.0,0.0,0.2128511657260693,79922.87844036697,-0.02656873719285579,-15.137381275440976,0.40361291424666895,-0.23214285714285693,-1.4827084091736442,0.4146198325709847,-0.43251122561836464,-0.6253404991533534,-0.22831242120429848,-0.07731141766950396,-0.058787000620989585,0.21147080561714712,-0.4758282058403988,Insurance—Life,Financial Services,6.94,103232500,2398,VERY
2021,2021-12-31,2022-03-31,-16657000.0,176579000.0,-17035000.0,-1.12,176579000.0,1.0,788007000.0,172904000.0,587602000.0,3966000.0,615103000.0,0.0,122120000.0,107235300.0,11.623798319327731,148.1598587997983,0.033474321928612306,0.15255864525979734,-0.08358507040274586,11.623798319327731,-0.09633669550733355,0.5847597958987195,-6.198973404574654,0.5971886133345672,0.0,0.0,0.0,0.2240830347953762,148.1598587997983,-0.021138137097766897,-130.045717884131,1.0,0.33333333333333326,-1.0212352869797354,0.5239406231121083,-0.11874945846903459,0.19446530159438818,0.3344653987533962,0.3760758890964363,-0.20293204304181395,0.4242539119212776,0.004146582263778388,Insurance—Life,Financial Services,6.94,103232500,2398,VERY
2020,2020-12-31,2021-03-31,-25028000.0,147831000.0,-27303000.0,-1.68,147831000.0,1.0,768764000.0,195233000.0,577634000.0,5545000.0,573531000.0,0.0,138777000.0,143134750.0,13.12490756302521,104.17204688908927,0.039645456863224605,0.15611090338211264,-0.11088515845483826,13.12490756302521,-0.12819554071289177,1.0072227746548423,-5.94928679878536,0.7626720380263582,0.0,0.0,0.0,0.1922969858109901,104.17204688908927,-0.03255615507489945,28.078210446916838,1.0,-0.2923076923076922,-2.037010071593253,0.27583498748597557,-0.004943859166271596,0.09261640798226164,-0.29517698199130615,-0.35190136660724897,-2.037010071593253,0.27583498748597557,-0.004943859166271596,Insurance—Life,Financial Services,6.94,103232500,2398,VERY
2019,2019-12-31,2020-03-30,-19324000.0,135300000.0,-20196000.0,-1.3,135300000.0,1.0,721782000.0,212417000.0,526660000.0,19381000.0,509365000.0,0.0,163805000.0,170183000.0,14.280134453781512,27.174036427428927,0.028540473439348724,0.09697905534867736,-0.08292957166215341,14.280134453781512,-0.09097200318241949,1.3852549889135255,-9.699078865659285,0.882344633433294,0.0,0.0,0.0,0.18745272118174186,27.174036427428927,-0.02677262663795994,-67.1774193548387,1.0,-0.3978494623655914,-1.344861060550904,0.16768792612410455,0.08263889950714311,0.0,-0.3955369394092583,0.0,-1.344861060550904,0.16768792612410455,0.08263889950714311,Insurance—Life,Financial Services,6.94,103232500,2398,VERY
2018,2018-12-31,2018-12-31,-13847000.0,123980000.0,0.0,-0.93,0.0,0.0,654970000.0,172190000.0,0.0,9239000.0,482780000.0,0.0,174558000.0,170882000.0,11.575798319327731,0.0,0.020407041543887505,0.07762355537487658,0.0,11.575798319327731,-0.08041698124165167,1.4397483465075012,-12.890878890734454,1.0366455659445961,0.0,0.0,0.0,0.1892911125700414,50.452862863946315,-0.02114142632486984,42.46966452533904,0.0,-0.6786488501255378,-0.6802572503336975,0.069992232674549,-0.12238854655637271,0.0,-0.6802572503336973,0.0,-0.6802572503336975,0.069992232674549,-0.12238854655637271,Insurance—Life,Financial Services,6.94,103232500,2398,VERY
2017,2017-12-31,2017-12-31,-8241000.0,115870000.0,0.0,-0.554017,0.0,0.0,666414000.0,196203000.0,0.0,0.0,470211000.0,0.0,188405000.0,166734000.0,13.190117647058823,0.0,0.0,0.0,0.0,13.190117647058823,-0.042002415865200836,1.5405195477690514,-21.65999271933018,0.9097720218345285,0.0,0.0,0.0,0.17387089706998954,0.0,-0.012366186784791436,18.829113924050635,0.0,0.0,0.0,0.0,0.0,0.0,0.0,0.0,0.0,0.0,0.0,Insurance—Life,Financial Services,6.94,103232500,2398,VERY
TTM,,,,,,,,,,,,,,,,137611500.0,7.770621848739496,0.6743504839531329,0.05015746110249321,0.34323632210956156,-0.1019376740888492,7.770621848739496,-0.13881525561265892,0.6107636875672989,-6.189369866298939,0.89310741599474,0.0,0.0,0.0,0.21368438751992758,73.54381049414162,-0.021086260365188392,-14.417946927374302,-0.01306338819798606,,,,,,,,,,,Insurance—Life,Financial Services,6.94,103232500,2398,VERY
