Quarters,Year,Quarter,FillingDate,Date,NetIncome,Revenue,OperatingIncome,EPSDiluted,GrossProfit,GrossProfitRatio,TotalAssets,CommonStockEquity,CurrentAssets,CurrentLiability,TotalLiability,Inventory,RetainedEarnings,MarketCap,EnterpriseValue,bookValuePerShare,currentRatio,debtToAssets,debtToEquity,roic,shareholdersEquityPerShare,roe,priceToSalesRatio,peRatio,pbRatio,payoutRatio,inventoryTurnover,dividendYield,assetTurnover,quickRatio,returnOnAssets,priceToFreeCashFlowsRatio,grossProfitMargin,epsdilutedGrowth,fiveYNetIncomeGrowthPerShare,fiveYRevenueGrowthPerShare,fiveYShareholdersEquityGrowthPerShare,grossProfitGrowth,netIncomeGrowth,operatingIncomeGrowth,threeYNetIncomeGrowthPerShare,threeYRevenueGrowthPerShare,threeYShareholdersEquityGrowthPerShare,Industry,Sector,Symbol
2023Q1,2023,Q1,2023-05-10,2023-03-31,36730000.0,463834000.0,46511000.0,0.48,195092000.0,0.4206073725,1205121000.0,821042000.0,768033000.0,257242000.0,367423000.0,179937000.0,1591814000.0,2681928000.0,2601723000.0,11.02099385218395,2.9856438684196203,0.10768545233217246,0.15806012359903635,0.032625566337088394,11.02099385218395,0.04473583568197485,5.78208583243143,18.254342499319357,3.266493066128164,0.43667301933024777,1.4935338479578963,0.005980399175518508,0.38488583304083157,2.1995980438653095,0.03047826732751317,-157.15035743583735,0.4206073724651492,0.14285714285714285,0.411575189619411,0.3138735559530073,0.1286816727256775,-0.01814320296733217,0.15535843477713818,0.16988203335261715,3.184596767630596,0.36728705601770595,0.14197700506039637,Footwear & Accessories,Consumer Cyclical,SHOO
2022Q4,2022,Q4,2023-03-01,2022-12-31,31791000.0,470643000.0,39757000.0,0.42,198697000.0,0.4221819936,1257988000.0,831553000.0,843557000.0,320908000.0,414125000.0,228752000.0,1801455000.0,2387731600.0,2221645600.0,11.130410922232633,2.628656811297942,0.08634979030006645,0.13063148109621395,0.03003448301354544,11.130410922232633,0.038230876444435895,5.073339240145928,18.776789028341355,2.8714124054630314,0.5105533012487811,1.1888245785829195,0.0067976651982157455,0.37412360054308946,1.8441921049023395,0.02527130624457467,12.251060030785018,0.42218199357049824,-0.4683544303797469,0.42104468905506554,0.420093770249989,0.13877845439494613,-0.13412731614635082,-0.4813612411700409,-0.4951620276310443,0.8907843582985413,0.1450581942759357,0.059638022755674265,Footwear & Accessories,Consumer Cyclical,SHOO
2022Q3,2022,Q3,2022-11-04,2022-09-30,61297000.0,556643000.0,78752000.0,0.79,229476000.0,0.4122498621,1226235000.0,842303000.0,817249000.0,280081000.0,374295000.0,244315000.0,1555563000.0,2016198660.0000002,1987144660.0000002,11.141868832508797,2.917902321114249,0.08981965120878135,0.13076054578934185,0.05714730847166818,11.141868832508797,0.0727730994665815,3.6220677525810983,8.223072336329674,2.3936738442104564,0.26730508834037553,1.3391195792317296,0.008126679342203312,0.453944798509258,1.9544453211749457,0.049987971310556295,93.3036540330418,0.4122498621198865,0.27419354838709686,0.5097575818669401,0.374463076914958,0.15122901455483895,0.05377815535095171,0.26489888567891046,0.20713070402673248,0.2223859516382676,0.17104492960532588,0.05066503449323365,Footwear & Accessories,Consumer Cyclical,SHOO
2022Q2,2022,Q2,2022-07-29,2022-06-30,48460000.0,534989000.0,65239000.0,0.62,217765000.0,0.4070457523,1313292000.0,833534000.0,906410000.0,379643000.0,469974000.0,306547000.0,1510651000.0,2465868760.0,2422036760.0,10.887899054287058,2.387532497635937,0.0815485055874855,0.12848546070106318,0.04762926028242919,10.887899054287058,0.05813800036951102,4.609195254481868,12.721155385885268,2.958330146100819,0.34286009079653323,1.0348298955788182,0.006737990386803878,0.40736485107653136,1.4982918162589591,0.03689963846577913,42.46738586067338,0.4070457523425715,-0.3404255319148936,0.8082939408040084,0.5454166272479887,0.20432853445595212,-0.044462873741761666,-0.3503411848296757,-0.3335887063822832,0.3838192416609522,0.2556103390316316,0.06371865633858274,Footwear & Accessories,Consumer Cyclical,SHOO
2022Q1,2022,Q1,2022-04-29,2022-03-31,74593000.0,559734000.0,97896000.0,0.94,227898000.0,0.4071541125,1278526000.0,835215000.0,868103000.0,345260000.0,435119000.0,233380000.0,1478806000.0,2984978640.0,2921799640.0,10.811704702851744,2.514345710479059,0.08382152572571852,0.1283118717934903,0.0710299865924448,10.811704702851744,0.08930993815963555,5.332852104749756,10.004218358290993,3.5739044916578364,0.2248736476613087,1.4218699117319393,0.005619470697451959,0.4377963373447235,1.776915947401958,0.0583429668227318,-119.19889146234327,0.4071541124891466,0.16049382716049368,3.011343490205965,0.6560782415114035,0.22817382187451857,-0.04381136191994629,0.12811167236320742,0.23268317866451768,1.2523690300717267,0.41996758980141186,0.06223635198392362,Footwear & Accessories,Consumer Cyclical,SHOO
2021Q4,2021,Q4,2022-03-01,2021-12-31,66122000.0,578481000.0,79417000.0,0.81,238340000.0,0.4120100747,1355542000.0,812098000.0,944660000.0,435190000.0,535004000.0,255213000.0,1421067000.0,3611555460.0,3502887460.0,10.44929102653182,2.1706840690273213,0.08176139138440565,0.1364749082007344,0.06437847944658726,10.44929102653182,0.08142120778526729,6.243170406633926,13.654893454523457,4.447191668985762,0.18406884244275734,1.3327730170485046,0.003370016087195848,0.4267525462139867,1.5363450446931226,0.048779012380287735,58.94492345356618,0.41201007466105194,-0.012195121951219388,1.4783352730200705,0.852868069576883,0.1811087943501704,0.08337348521350194,-0.007817775310235133,-0.1018005383519193,4.485815501264853,0.46076963493356554,0.04431444915416425,Footwear & Accessories,Consumer Cyclical,SHOO
2021Q3,2021,Q3,2021-11-04,2021-09-30,66643000.0,528742000.0,88418000.0,0.82,219998000.0,0.4160781629,1300060000.0,798830000.0,881101000.0,388574000.0,492880000.0,201198000.0,1367252000.0,3137660639.9999995,3035558639.9999995,10.224500505574115,2.2675243325595638,0.09031967755334369,0.14699122466607414,0.06464105807889155,10.224500505574115,0.08342576017425485,5.934199742029193,11.7704058940924,3.9278202370967534,0.18333508395480397,1.5345281762244158,0.0038939838949568492,0.4067058443456456,1.7003736739977455,0.05126148023937357,1283.8218657937805,0.4160781628847339,0.8222222222222221,0.6625026452220257,0.413610218267309,0.20573720093126333,0.2936873364499721,0.808395745142733,0.8529276164130936,0.25464870946551316,0.20635411829205552,-0.028091521198627963,Footwear & Accessories,Consumer Cyclical,SHOO
2021Q2,2021,Q2,2021-08-03,2021-06-30,36852000.0,397894000.0,47718000.0,0.45,170055000.0,0.4273876962,1173143000.0,774335000.0,743780000.0,279158000.0,390621000.0,125525000.0,1312827000.0,3452620240.0,3316216240.0,9.814256200965792,2.6643692819120353,0.10718215937869467,0.16238449766573898,0.03700384000960373,9.814256200965792,0.047591804580704736,8.677236248850196,23.42220395093889,4.458819813129976,0.3350428741995007,1.8150886277633937,0.003576124549394404,0.33916922318932985,2.1411028879702534,0.03141305024195686,40.28869435336126,0.42738769622060147,0.7307692307692307,0.6308547491367456,0.33507526239652496,0.20703089704312905,0.22250258799171843,0.738547907722791,0.7015404364569962,0.17714938136629907,0.04086096544028525,-0.026691539624868154,Footwear & Accessories,Consumer Cyclical,SHOO
2021Q1,2021,Q1,2021-05-06,2021-03-31,21197000.0,361025000.0,28044000.0,0.26,139104000.0,0.3853029569,1168943000.0,787528000.0,734531000.0,256493000.0,368175000.0,106561000.0,1288322000.0,2944955880.0,2841358880.0,9.963916090994205,2.8637467689176703,0.11087366963145337,0.16457192633150822,0.021362080526423095,9.963916090994205,0.026915868388171595,8.157207617201024,34.73316837288296,3.739493554514887,0.5861678539415955,2.0825724233068383,0.004219078487518801,0.3088473946120555,2.3833126050223594,0.01813347614041061,855.0975261324041,0.3853029568589433,-0.10344827586206887,0.16297188087868728,0.20051957031825277,0.22634458978468786,0.028024122029088328,-0.06170598911070781,-0.7156444237145494,-0.23216808548351064,-0.03608899257709122,0.02042425858472619,Footwear & Accessories,Consumer Cyclical,SHOO
2020Q4,2020,Q4,2021-03-16,2020-12-31,22591000.0,352967000.0,98623000.0,0.29,135312000.0,0.3833559511,1137761000.0,776586000.0,698241000.0,235916000.0,347392000.0,101420000.0,1279550000.0,2774739200.0,2659724200.0,9.885259674134419,2.9597017582529377,0.11676353821233106,0.171067982168105,0.10492501381209458,9.885259674134419,0.029090145843473872,7.861185889899056,30.706245850117305,3.572996680341907,0.5515028108538799,2.14607572470913,0.0044901517230880655,0.3102294770167021,2.3944158090167686,0.01985566388723115,65.23732631133473,0.3833559511229095,4.186813186813187,-0.03228567283251857,0.12977897376081002,0.2613467429465846,-0.03263581575241105,4.161349006437168,0.5648979721367141,-0.03967935819420249,0.012830529962381801,0.011384108965622369,Footwear & Accessories,Consumer Cyclical,SHOO
2020Q3,2020,Q3,2020-11-06,2020-09-30,-7146000.0,346867000.0,63022000.0,-0.091,139877000.0,0.4032583094,1104410000.0,756120000.0,647834000.0,218072000.0,336670000.0,109683000.0,1256959000.0,1531920000.0,1452285000.0,9.624745417515275,2.9707344363329544,0.13055387039233618,0.19069063111675397,0.1481691938047405,9.624745417515275,-0.009450880812569434,4.4164478027601355,-53.5936188077246,2.026027614664339,0.0,1.8871657412725764,0.0,0.31407448320822884,2.400830918228842,-0.006470423121847865,-26.21534670408652,0.40325830938082896,0.5863636363636364,-1.1874320160581977,-0.05634431151434021,0.24181808960728343,1.502809189808188,0.5831777881474568,3.6589317357185047,-1.1693713084676334,-0.1758084813993246,-0.005527138318286834,Footwear & Accessories,Consumer Cyclical,SHOO
2020Q2,2020,Q2,2020-08-04,2020-06-30,-17144000.0,142812000.0,-23702000.0,-0.22,55888000.0,0.3913396633,1132392000.0,755084000.0,635921000.0,237892000.0,365272000.0,103282000.0,1263910000.0,1938584730.0,1814665730.0,9.616821834761899,2.673150000840718,0.1714794876685812,0.2571660901303696,-0.015812494085083777,9.616821834761899,-0.022704758675855932,13.57438261490631,-28.26914270298647,2.567376252178566,0.0,0.8416180941499971,0.0,0.12611533815145284,2.1043877053452826,-0.015139633625105087,20.097916480918958,0.3913396633336134,0.04347826086956525,-1.7926652145348745,-0.4999916601093034,0.2722852372247608,-0.5812503746328598,0.03690803887422055,-0.4167364016736402,-1.6237539537498433,-0.597763973869395,0.06373257950279353,Footwear & Accessories,Consumer Cyclical,SHOO
2020Q1,2020,Q1,2020-06-08,2020-03-31,-17801000.0,359168000.0,-16730000.0,-0.23,133464000.0,0.371592124,1145904000.0,761207000.0,640792000.0,232712000.0,372280000.0,102265000.0,1280496000.0,1832266250.0,1808932250.0,9.650801901743264,2.753583828938774,0.1638915650874768,0.2467186980676741,-0.010667859745579645,9.650801901743264,-0.023385228985019844,5.101418417008197,-25.73263089152295,2.407053863141038,-0.6999044997472053,2.2070503104679022,0.006799775960507922,0.31343637861461343,2.178486713190553,-0.015534460129295298,-42.70021556746679,0.3715921240199572,-2.0,-2.017859162212254,0.2567848427832011,0.3067487968155838,-0.2269409883922986,-2.00281674271872,-1.858829568788501,-1.937563984302143,0.040786228699826704,0.09629911115603565,Footwear & Accessories,Consumer Cyclical,SHOO
2019Q4,2019,Q4,2020-03-02,2019-12-31,17751000.0,433935000.0,19480000.0,0.23,172644000.0,0.3978568219,1278647000.0,828501000.0,718879000.0,281271000.0,437423000.0,136896000.0,1310406000.0,3392413750.0,3300108750.0,10.503974643423138,2.5558233874092955,0.13435764522968419,0.20735762539815886,0.013984464069986255,10.503974643423138,0.02142544185221261,7.817792411305841,47.777783645991775,4.094640501339165,0.7110021970593206,1.9086825035063113,0.0037203598765038607,0.339370443914544,1.988327982621742,0.013882643137629071,23.970928548211585,0.3978568218742438,-0.634920634920635,-0.04152034830416268,0.435643301394928,0.4032530394720312,-0.0962513937528464,-0.6616472561614852,-0.7137020325979924,-0.3444298895897836,0.36950090036696426,0.18728981664663213,Footwear & Accessories,Consumer Cyclical,SHOO
2019Q3,2019,Q3,2019-11-04,2019-09-30,52463000.0,497308000.0,68041000.0,0.63,191031000.0,0.3841301568,1282465000.0,838738000.0,707086000.0,252702000.0,432229000.0,148053000.0,1305276000.0,2830702680.0,2840982680.0,10.604587063166944,2.7981021123695102,0.13861742815593409,0.2119517656288376,0.04385584512505403,10.604587063166944,0.06254992619864606,5.692051364546719,13.489043135161923,3.3749546103789267,0.22526351905152203,2.0686983715291145,0.0041749351083385415,0.387775104973625,2.0991009172859734,0.040907939008082095,138.75993529411764,0.38413015676401746,0.4318181818181818,0.546889807183269,0.46815540803877376,0.41616006508860015,0.1553479089177175,0.43451274198840645,0.5244549996639258,0.29282765993172555,0.3133818790007892,0.25055939071097266,Footwear & Accessories,Consumer Cyclical,SHOO
2019Q2,2019,Q2,2019-08-05,2019-06-30,36572000.0,444974000.0,44633000.0,0.44,165345000.0,0.3715835082,1281560000.0,818354000.0,740803000.0,282219000.0,454004000.0,146120000.0,1264631000.0,2711937920.0,2692568920.0,10.235694362797213,2.624922489272515,0.1508278972502263,0.23619973752190374,0.029144952808591362,10.235694362797213,0.04468970641067313,6.094598605761235,18.53834846330526,3.3138934006554623,0.3266159903751504,1.9136942239255406,0.004404599350120817,0.3472127719342052,1.9679610515238166,0.028537095414963014,37.30313507565337,0.3715835082499202,0.07317073170731714,0.5188945960277036,0.7499645797054889,0.4008881472367244,0.053172990566698726,0.059290369297610425,-0.0006045678459471563,0.5971677411655886,0.4733997541546021,0.2588625256563631,Footwear & Accessories,Consumer Cyclical,SHOO
2019Q1,2019,Q1,2019-05-08,2019-03-31,34525000.0,410940000.0,44660000.0,0.41,156997000.0,0.3820436073,1209754000.0,819695000.0,661064000.0,203844000.0,379208000.0,115260000.0,1240004000.0,2754262800.0,2789804800.0,10.178247696625029,3.242989737250054,0.16184943385184095,0.23886689561361238,0.028356709414956313,10.178247696625029,0.042119324870836104,6.702347787998248,19.94397393193338,3.3601068690183546,0.3487907313540912,2.203218809647753,0.004372131809644309,0.33968889542832675,2.5387992778791624,0.028538859966571715,-143.80320576411006,0.38204360733927095,1.5624999999999998,0.7090905750126285,0.5784762333502239,0.4159904794185409,0.03074569639035151,1.7642113690952763,0.783760035147981,0.8590247573028633,0.341118198870151,0.25272421829468655,Footwear & Accessories,Consumer Cyclical,SHOO
2018Q4,2018,Q4,2019-02-28,2018-12-31,12490000.0,410360000.0,25037000.0,0.16,152314000.0,0.3711716542,1072570000.0,805814000.0,703125000.0,224689000.0,257888000.0,137247000.0,1217521000.0,2436958840.0,2236927840.0,10.005885712866615,3.1293254231404295,0.0,0.0,0.014703135760318346,10.005885712866615,0.015499854805203186,5.938587679111024,48.778199359487594,3.024220030925251,0.9742994395516413,1.8801576719345414,0.004993518889305492,0.3825950753796955,2.37417497073733,0.01164492760379276,23.517547648688033,0.3711716541573253,-0.75,-0.5853102332363065,0.41693645586784556,0.4060608474180448,-0.1307122025830827,-0.775210121843673,-0.6433678992649992,-0.47808911080100025,0.28128756021962975,0.27673847428041287,Footwear & Accessories,Consumer Cyclical,SHOO
2018Q3,2018,Q3,2018-11-09,2018-09-30,55563000.0,458482000.0,70204000.0,0.64,175217000.0,0.3821676751,1125059000.0,859770000.0,753939000.0,216530000.0,257862000.0,147491000.0,1217200000.0,2850090189.1,2677553189.1,10.520023982282478,3.4819147462245414,0.0,0.0,0.06470107947998634,10.520023982282478,0.06462542307826512,6.216362232541299,12.823687476828106,3.314944914453865,0.2100858484963015,1.9205578645476673,0.00409565986530626,0.40751818349082136,2.597709324343047,0.04938674327301946,-2075.8122280407865,0.38216767506685106,0.7297297297297298,0.49403442075135917,0.3737372347053855,0.5124507661527504,0.18570925873293,0.7143782783091638,0.6882454790303963,0.40088462431632793,0.19897129452601983,0.3573300401823433,Footwear & Accessories,Consumer Cyclical,SHOO
2018Q2,2018,Q2,2018-08-08,2018-06-30,32410000.0,395753000.0,41584000.0,0.37,147774000.0,0.3733995699,1087642000.0,823622000.0,712029000.0,231426000.0,257349000.0,133627000.0,1173310000.0,2891507400.0,2700522400.0,10.0833976077668,3.0767027041041195,0.0,0.0,0.03843821640057929,10.0833976077668,0.039350575870969934,7.306343603207051,22.304129898179575,3.510721423177137,0.3614933662449861,1.8557551991738197,0.004051865819191747,0.3638632932527431,2.3360815120168,0.02979840793202175,41.402474262231706,0.3733995699337718,0.12121212121212115,0.33854118094269403,0.5901311622324169,0.49691547859566004,0.050030909594764555,0.13033167090991526,0.13751128374866647,0.44045376969835187,0.331923906908992,0.33401222751744974,Footwear & Accessories,Consumer Cyclical,SHOO
2018Q1,2018,Q1,2018-05-09,2018-03-31,28673000.0,389014000.0,36557000.0,0.33,140733000.0,0.3617684711,1021933000.0,801586000.0,622486000.0,172319000.0,213711000.0,94367000.0,1152616000.0,2402561936.4,2277178936.4,9.764483749939092,3.6124049002141376,0.0,0.0,0.035839996018250705,9.764483749939092,0.03577033531024743,6.176029490969477,20.947946991943642,2.9972603518524528,0.4100721933526314,2.631015079423951,0.0048939425127238105,0.3806648772473342,2.7863671446561318,0.028057612387504857,-79.65261865199085,0.3617684710575969,0.13793103448275876,0.46042222445548897,0.6623136036534191,0.4818520732461238,0.00713488292208164,0.16575865994470645,0.1544558832817533,0.5752698489066008,0.3078774893907516,0.3221416750304849,Footwear & Accessories,Consumer Cyclical,SHOO
2017Q4,2017,Q4,2018-03-01,2017-12-31,24596000.0,364370000.0,31666000.0,0.29,139736000.0,0.3835002882,1057161000.0,802821000.0,645518000.0,206612000.0,248229000.0,110324000.0,1135701000.0,2557242562.0499997,2376028562.0499997,9.773991489983382,3.1243006214547075,0.0,0.0,0.030288500341083224,9.773991489983382,0.030636966397241727,7.018257710706149,25.992463836091233,3.185320964511391,0.0,2.0361299445270293,0.0,0.3446684090691957,2.3529611058408997,0.02326608719012525,21.335245803854495,0.3835002881686198,-0.43137254901960786,-0.11567844174738721,0.3686063256824174,0.5184995037853024,-0.15766376717242045,-0.44390685055392265,-0.5161285393395779,0.275314103160972,0.15759618185652127,0.3057327089684639,Footwear & Accessories,Consumer Cyclical,SHOO
2017Q3,2017,Q3,2017-11-08,2017-09-30,44230000.0,441193000.0,65443000.0,0.51,165891000.0,0.3760055123,1071403000.0,797061000.0,648994000.0,211280000.0,268402000.0,124117000.0,1111105000.0,2377345945.2000003,2285265945.2000003,9.678238379717325,3.0717247254827718,0.0,0.0,0.05575857064598372,9.678238379717325,0.05549136138890248,5.388448921900394,13.43740642776396,2.9826399048504446,0.0,2.218084549255944,0.0,0.41178996138707846,2.273078379401742,0.0412823186046707,-128.49129527618638,0.37600551232680485,0.5454545454545454,0.3753092636815697,0.45673163928345,0.6013828036154262,0.19006147908491575,0.5270680845187129,0.5619972790414588,0.25245032165694226,0.2508709585094375,0.29245340833387873,Footwear & Accessories,Consumer Cyclical,SHOO
2017Q2,2017,Q2,2017-08-04,2017-06-30,28964000.0,374148000.0,41897000.0,0.33,139397000.0,0.3725718165,1012664000.0,748036000.0,582418000.0,204582000.0,262934000.0,121213000.0,1066875000.0,2203679191.95,2104268191.9499998,9.040638615446904,2.846868248428503,0.0,0.0,0.03815418311843017,9.040638615446904,0.038720061601313305,5.889859606225343,19.02084649867076,2.945953392550626,0.0,1.9366817090576094,0.0,0.36946904402644903,2.013837972060103,0.02860178696981427,60.23943994177464,0.3725718165004223,0.43478260869565216,0.2584847095953226,0.5147264819366321,0.618611056240695,0.05032474871532121,0.4368488937394583,0.36117608836907084,0.1623528236252529,0.421800167331036,0.23732919633301014,Footwear & Accessories,Consumer Cyclical,SHOO
2017Q1,2017,Q1,2017-05-09,2017-03-31,20158000.0,366387000.0,30780000.0,0.23,132718000.0,0.3622344679,943970000.0,737187000.0,502477000.0,145396000.0,205148000.0,96973000.0,1037911000.0,2152169400.0,2057908400.0,8.803073726445511,3.455920382954139,0.0,0.0,0.02723307595659906,8.803073726445511,0.027344486541406726,5.87403319440919,26.691256573072724,2.9194348245424835,0.0,2.4096294844956843,0.0,0.3881341568058307,2.561342815483232,0.02135449219784527,412.29298850574713,0.36223446792599084,-0.3235294117647059,0.05741242841574639,0.5802050213287967,0.6665808713558823,0.019120312068065238,-0.2988033950187839,-0.22351160443995963,-0.040345786855498424,0.3534294675495226,0.22467726840638705,Footwear & Accessories,Consumer Cyclical,SHOO
2016Q4,2016,Q4,2017-02-28,2016-12-31,28748000.0,336408000.0,39640000.0,0.34,130228000.0,0.3871132672,973047000.0,740867000.0,542656000.0,183127000.0,231975000.0,119824000.0,1017753000.0,1995848208.6000001,1869733208.6000001,8.847018222636192,2.9632768515838737,0.0,0.0,0.03823595825530754,8.847018222636192,0.03880318599694682,5.932820291431833,17.356409216293308,2.6939359002358048,0.0,1.7206903458405662,0.0,0.34572636265257484,2.0017146570412883,0.029544307726142725,25.87138775811783,0.38711326722313383,-0.3061224489795918,0.3872283306009078,0.3596473919795092,0.789641592739508,-0.15714396665544828,-0.34315808714328144,-0.3783520998651319,-0.08208079209719041,0.1170885738426008,0.24321287452312076,Footwear & Accessories,Consumer Cyclical,SHOO
2016Q3,2016,Q3,2016-11-09,2016-09-30,43767000.0,408384000.0,63766000.0,0.49,154508000.0,0.3783399937,976368000.0,723363000.0,520255000.0,197771000.0,252728000.0,111952000.0,989003000.0,1965392640.0,1902669640.0,8.4798747999789,2.630592958522736,0.0,0.0,0.05971685069816008,8.4798747999789,0.06050489173485511,4.8126093088857544,11.226452806909315,2.7170212465940335,0.0,2.2677218808060595,0.0,0.41826852170493095,1.8348342274650986,0.044826335971682806,140.37516177415898,0.37833999373139005,0.7499999999999998,0.5349529374722493,0.4303345312378026,0.8105405941117869,0.27645090668759553,0.773954280155642,0.7767066035107272,0.12751000022764594,0.17232710199934925,0.2191410551637189,Footwear & Accessories,Consumer Cyclical,SHOO
2016Q2,2016,Q2,2016-08-04,2016-06-30,24672000.0,325402000.0,35890000.0,0.28,121045000.0,0.3719860357,954905000.0,700437000.0,496078000.0,200684000.0,254127000.0,116369000.0,941473000.0,1962960271.5,1886689271.5,8.130907191363399,2.471935978951984,0.0,0.0,0.03484355082285297,8.130907191363399,0.03522372461763156,6.0324161237484715,19.89056695342899,2.8024794114245823,0.0,1.7561120229614415,0.0,0.3407689770186563,1.6213599489745072,0.025837125159047236,50.377525253432566,0.37198603573426103,0.2727272727272728,0.14217144620230868,0.7130499820466872,0.8708283778700353,0.041677423796492315,0.2359483017733694,0.20113788487282463,-0.03384226957425388,0.23970947804614517,0.2070614790000575,Footwear & Accessories,Consumer Cyclical,SHOO
2016Q1,2016,Q1,2016-05-06,2016-03-31,19962000.0,329357000.0,29880000.0,0.22,116202000.0,0.3528147269,915500000.0,703319000.0,457667000.0,152365000.0,211834000.0,80356000.0,916801000.0,2137538474.55,2066633474.55,8.124890975988725,3.0037541430118466,0.0,0.0,0.02888970958986721,8.124890975988725,0.028382568933869267,6.490035051782716,26.770094110685303,3.0392161658507733,0.0,2.652633281895565,0.0,0.3597564172583288,2.116365306993076,0.021804478427089023,281.4031693720379,0.35281472687691473,-0.26666666666666666,0.21918880472749172,1.1083851224760928,1.026705265189262,-0.06437353559264716,-0.22396299031994713,-0.22790697674418606,-0.035781680500441795,0.3346907622052375,0.23302847810491928,Footwear & Accessories,Consumer Cyclical,SHOO
2015Q4,2015,Q4,2016-02-26,2015-12-31,25723000.0,344250000.0,38700000.0,0.3,124197000.0,0.3607755991,914385000.0,678404000.0,457819000.0,174799000.0,235722000.0,102080000.0,896842000.0,1743968865.4499998,1671554865.4499998,7.8370675862228305,2.6191168141694177,0.0,0.0,0.03759242474784836,7.8370675862228305,0.03791693445203743,5.065995251851851,16.949508858317458,2.5706936655002033,0.0,2.155691614420063,0.0,0.3764825538476681,1.7346895577205819,0.02813147634749039,22.177459280618535,0.3607755991285403,-0.36170212765957444,0.5912788299918555,1.3309144971895175,1.0701966797727247,-0.16518004180922358,-0.40018654541214876,-0.416148693500694,-0.12243497637410074,0.2269358010235564,0.21757659120199208,Footwear & Accessories,Consumer Cyclical,SHOO
2015Q3,2015,Q3,2015-11-06,2015-09-30,42885000.0,413462000.0,66284000.0,0.47,148771000.0,0.3598178309,969885000.0,684887000.0,508056000.0,240929000.0,284623000.0,123768000.0,871109000.0,2157317874.45,2118663874.4499998,7.750527632077767,2.108737428869086,0.0,0.0,0.06377811258755325,7.750527632077767,0.06261616879864854,5.21769322077966,12.576179750786988,3.149888776469695,0.0,2.1386061017387368,0.0,0.4263000252607268,1.4374483769077198,0.0442165823783232,-247.76821803721143,0.359817830901026,0.7407407407407405,0.978421440433802,1.374059293161064,1.1657716819327313,0.28089645790642814,0.7501938538138188,0.8003639623000245,0.24278623490384688,0.2723134895752003,0.2824195046658929,Footwear & Accessories,Consumer Cyclical,SHOO
2015Q2,2015,Q2,2015-08-07,2015-06-30,24503000.0,323582000.0,36817000.0,0.27,116146000.0,0.3589383835,938641000.0,672369000.0,473792000.0,216226000.0,265837000.0,112434000.0,828231000.0,2536939560.0,2467945560.0,7.558699537958248,2.1911888487045963,0.0,0.0,0.03617269152914942,7.558699537958248,0.03644278662460643,7.840175164255119,25.88396890176713,3.773135822740192,0.0,1.8449579308750022,0.0,0.3447345683813087,1.47568747514175,0.02610476209754315,49.31266881778953,0.3589383834700323,0.28571428571428586,0.297294656769489,1.0696007592258154,1.2945107417925124,0.04280917236797213,0.2360270379338176,0.23352430730056623,-0.00968933800832358,0.21853479664393707,0.35328876237089396,Footwear & Accessories,Consumer Cyclical,SHOO
2015Q1,2015,Q1,2015-05-11,2015-03-31,19824000.0,323945000.0,29847000.0,0.21,111378000.0,0.3438176234,891856000.0,660306000.0,423505000.0,166523000.0,231165000.0,76029000.0,803728000.0,2264987019.75,2224001019.75,7.38535357771999,2.5432222575860393,0.010617184837014047,0.014340321002686634,0.029277195681534997,7.38535357771999,0.030022444139535306,6.991887572736113,28.563698291843224,3.4302081455416125,0.0,2.7958673663996634,0.0,0.3632256776878779,1.7587600511641035,0.022227803591611202,-465.4720550246609,0.34381762336199045,-0.0869565217391305,0.33541134754073887,1.436511980373297,1.3921902700310775,-0.05206178986339844,-0.05568522840946982,-0.06739782527184102,-0.026002961665793696,0.3086214670437709,0.3981808381147891,Footwear & Accessories,Consumer Cyclical,SHOO
2014Q4,2014,Q4,2015-02-26,2014-12-31,20993000.0,342620000.0,32004000.0,0.23,117495000.0,0.3429309439,911235000.0,669255000.0,442226000.0,177591000.0,241706000.0,92677000.0,783904000.0,1897227150.0,1815777150.0,7.485445851858065,2.4901374506590988,0.0,0.0,0.03109637341060337,7.485445851858065,0.03136771484710611,5.537409228883311,22.593568689563185,2.834834480130892,0.0,2.4291355999870516,0.0,0.37599521528475094,1.730053887865939,0.023037964959642682,26.423040444555863,0.34293094390286616,-0.4390243902439024,0.6050784271382571,1.8747741672547635,1.590141011463685,-0.13668192539144874,-0.4651192417448023,-0.4606037112568048,-0.05117920005169481,0.29700624499713985,0.5142124611440956,Footwear & Accessories,Consumer Cyclical,SHOO
2014Q3,2014,Q3,2014-11-06,2014-09-30,39248000.0,391992000.0,59333000.0,0.41,136097000.0,0.3471933101,934532000.0,685390000.0,581535000.0,205017000.0,248853000.0,103151000.0,762931000.0,1966645420.9499998,1796734420.9499998,7.488268681339692,2.8365208738787517,0.0,0.0,0.056268992369882274,7.488268681339692,0.05726374764732488,5.0170549933417,12.527042275721056,2.8693815505770437,0.0,2.480780603193377,0.0,0.41945273142064693,2.1819312544813356,0.041997491792683396,673.5087058047944,0.3471933100675524,0.41379310344827586,1.2037031275780017,1.690545507185748,1.7459096320221552,0.27122174481599104,0.40161417041639885,0.47184461202619565,0.2828513091511175,0.2795480941260172,0.5988224763902398,Footwear & Accessories,Consumer Cyclical,SHOO
2014Q2,2014,Q2,2014-08-07,2014-06-30,28002000.0,295715000.0,40312000.0,0.29,107060000.0,0.3620377729,905494000.0,679369000.0,511156000.0,174994000.0,225899000.0,87310000.0,723683000.0,2126157199.3500001,1970321199.3500001,7.306575034550256,2.9209915768540635,0.0,0.0,0.04036493433159403,7.306575034550256,0.041217659327994066,7.189886205806267,18.982190552014142,3.129605853887946,0.0,2.160749055091055,0.0,0.3265786410511831,2.2387681863378175,0.030924556098659958,49.438617852160164,0.3620377728556211,0.2083333333333333,1.26157299708896,1.342161136255496,1.9065246846451989,-0.011887621368184,0.18466810508947837,0.11999555469118996,0.2010309296811153,0.44231914844065784,0.6811590143585519,Footwear & Accessories,Consumer Cyclical,SHOO
2014Q1,2014,Q1,2014-05-08,2014-03-31,23637000.0,304624000.0,35993000.0,0.24,108348000.0,0.3556778192,863896000.0,677354000.0,473831000.0,136137000.0,185949000.0,58301000.0,695681000.0,2260338701.1,2107268701.1,7.188076363906487,3.4805453330101295,0.0,0.0,0.03448651589078449,7.188076363906487,0.03489608092666464,7.4200939554992384,23.906784925117403,3.337012405773052,0.0,3.3665974854633713,0.0,0.3526165186550233,2.840917605059609,0.027360932334447665,131.65998957945013,0.35567781921319397,-0.3333333333333333,2.453922541126804,1.6534006653192386,2.0405147379971864,-0.16332298568317657,-0.33713788945287304,-0.3287643131550483,0.3261451469873947,0.7913438278246087,0.7930224856388249,Footwear & Accessories,Consumer Cyclical,SHOO
2013Q4,2013,Q4,2014-02-27,2013-12-31,35659000.0,342882000.0,53622000.0,0.36,129498000.0,0.3776751186,880241000.0,678517000.0,496645000.0,154503000.0,201401000.0,73696000.0,672044000.0,2325840171.75,2145565171.75,7.116253703558038,3.214468327475842,0.0,0.0,0.05141554817312483,7.116253703558038,0.05255432067287923,6.783208718305423,16.306123080779045,3.427828885274798,0.0,2.895462440295267,0.0,0.3895319577252139,2.5002038795363197,0.04051049655719286,25.013337474726836,0.37767511855390484,-0.18181818181818185,3.702814303067546,1.7345486387964106,2.124822903982003,-0.0730478228813984,-0.18942080378250592,-0.21256443015110799,1.0027158027216236,1.1077668916036927,0.8797904480783599,Footwear & Accessories,Consumer Cyclical,SHOO
2013Q3,2013,Q3,2013-11-08,2013-09-30,43992000.0,394791000.0,68097000.0,0.44,139703000.0,0.3538657163,907141000.0,672434000.0,523629000.0,192178000.0,234586000.0,99668000.0,636385000.0,2312901037.5,2190475037.5,6.955614171192138,2.724708343306726,0.0,0.0,0.06432041633675357,6.955614171192138,0.06542203398400438,5.858545502557049,13.143872962697763,3.4395956145881974,0.0,2.5593771320785006,0.0,0.4352035681332891,2.039671554496352,0.048495217391783633,-180.9356987796292,0.35386571629039165,0.517241379310345,2.69052080756585,1.8668767017018408,2.1452897711214853,0.26338873917054023,0.5192706174886034,0.4929951108285282,0.8550711669197356,1.072033043941842,0.9436447320141349,Footwear & Accessories,Consumer Cyclical,SHOO
2013Q2,2013,Q2,2013-08-08,2013-06-30,28956000.0,297634000.0,45611000.0,0.29,110578000.0,0.3715234147,888741000.0,657994000.0,500672000.0,190444000.0,230248000.0,91307000.0,592393000.0,2145525306.75,1977849306.75,6.73611686962219,2.6289722963180777,0.0,0.0,0.043883369353381566,6.73611686962219,0.044006480302251995,7.208602870471788,18.524013216172815,3.2607064908646586,0.0,2.0486490630510255,0.0,0.33489396798392335,1.9856545756232804,0.03258092065067326,66.25672616731518,0.3715234146636473,0.2608695652173912,2.471994343558039,1.492226059664745,2.272812944302022,0.07777929394335172,0.23743589743589744,0.25170833447679686,0.39606685648406875,0.7335367008969798,1.0448084273889342,Footwear & Accessories,Consumer Cyclical,SHOO
2013Q1,2013,Q1,2013-05-10,2013-03-31,23400000.0,278916000.0,36439000.0,0.23,102598000.0,0.3678455162,820222000.0,644713000.0,433022000.0,129929000.0,175557000.0,58586000.0,563437000.0,1870724700.0,1716027700.0,6.589378201934256,3.332758660499196,0.0,0.0,0.035607788478978185,6.589378201934256,0.03629521973343178,6.707125801316526,19.986375000000002,2.90163948919907,0.0,3.009558597617178,0.0,0.340049401259659,2.6670258371880027,0.028528861698418232,84.55635056951726,0.36784551621276657,-0.30303030303030304,10.827354201814119,1.877318706013535,2.818669055907431,-0.17352988561301755,-0.2901131571762279,-0.2675577889447236,0.44042811485766653,0.9170024024092104,1.134365843739113,Footwear & Accessories,Consumer Cyclical,SHOO
2012Q4,2012,Q4,2013-03-01,2012-12-31,32963000.0,315527000.0,49750000.0,0.33,124140000.0,0.3934370117,804039000.0,626580000.0,441254000.0,134478000.0,177639000.0,63683000.0,540037000.0,1828814794.875,1660037794.875,6.436611579798914,3.281235592438912,0.0,0.0,0.05158995148447797,6.436611579798914,0.052607807462734205,5.7960643459196834,13.870208983367714,2.9187251346595806,0.0,3.005307538903632,0.0,0.3924274817515071,2.623202308184238,0.04099676756973231,14.736859537422037,0.39343701172958256,-0.13157894736842102,6.311066615316734,2.2013097716346617,2.033302961036609,-0.053919140342186485,-0.13017204982056155,-0.11748532098699732,1.3147452820822396,1.4315448038387126,1.2272195882040755,Footwear & Accessories,Consumer Cyclical,SHOO
2012Q3,2012,Q3,2012-11-08,2012-09-30,37896000.0,356883000.0,56373000.0,0.38,131215000.0,0.3676695163,795308000.0,586507000.0,434878000.0,160681000.0,208954000.0,84044000.0,507074000.0,1828323090.0,1763396090.0,6.043675726919798,2.706468095169933,0.0,0.0,0.06211572542388808,6.043675726919798,0.06461303957156521,5.1230321702070425,12.061451670360988,3.1173082162702235,0.0,2.68511731949931,0.0,0.44873558420134085,1.9912933078584276,0.047649464106987484,-50.94808811235579,0.36766951634008904,0.40740740740740733,2.7703832382637446,2.425324353158226,2.0400124102868022,0.2586087823968385,0.40882560689988473,0.5035205632901264,1.0068422164067654,1.3103261758920548,1.216184821562595,Footwear & Accessories,Consumer Cyclical,SHOO
2012Q2,2012,Q2,2012-08-08,2012-06-30,26899000.0,288692000.0,37494000.0,0.27,104254000.0,0.3611253516,777020000.0,540139000.0,398704000.0,187806000.0,236951000.0,90999000.0,469178000.0,1364613925.5,1283896925.5,5.585429915723076,2.122956668051074,0.0,0.0,0.04766562888896331,5.585429915723076,0.04980014403699788,4.726885142296981,12.682757030930519,2.5264125077063495,0.0,2.0268134814668293,0.0,0.37153741216442304,1.4860174861293036,0.034618156546807034,55.53532172798307,0.3611253515857731,0.22727272727272735,1.7658483798264428,1.8840857825928181,1.57521333474935,0.0849281425285921,0.23006219132979697,0.06038066687406318,1.0888181945780462,1.1984728828314142,1.221860426757958,Footwear & Accessories,Consumer Cyclical,SHOO
2012Q1,2012,Q1,2012-05-10,2012-03-31,21868000.0,265970000.0,35359000.0,0.22,96093000.0,0.361292627,697290000.0,507408000.0,321091000.0,136034000.0,189941000.0,53277000.0,442279000.0,1825168500.0,1763215500.0,5.282116144345029,2.3603731420086156,0.0,0.0,0.04264687305879522,5.282116144345029,0.043097467915365936,6.862309658984096,20.86574561002378,3.5970432078327503,0.0,3.1885616682621016,0.0,0.38143383671069425,1.790059837981681,0.03136141347215649,174.57374461979913,0.3612926269880062,-0.12,1.5338822126683822,1.754624817463692,1.7797302231105572,-0.07008274060095805,-0.0800942285041225,-0.08441440741603874,2.134605977190103,1.2726105797580167,1.2343045860416617,Footwear & Accessories,Consumer Cyclical,SHOO
2011Q4,2011,Q4,2012-02-29,2011-12-31,23772000.0,283822000.0,38619000.0,0.25,103335000.0,0.3640838272,639786000.0,474876000.0,346557000.0,135088000.0,165028000.0,59644000.0,420411000.0,1472939797.95,1370109797.95,4.943458097156509,2.56541661731612,0.0,0.0,0.04993757458609191,4.943458097156509,0.050059383923382106,5.1896604137452345,15.490280560638567,3.101735606663634,0.0,3.026071356716518,0.0,0.4436202105078886,1.9388324647637096,0.03715617409571326,22.88879596516037,0.36408382718746257,-0.24242424242424246,1.6135828398115497,1.7474950160137794,1.475181379594936,-0.1022310646209449,-0.25505311648021056,-0.23538845331432645,2.1118190745973657,1.2467097403606422,1.1707251779326568,Footwear & Accessories,Consumer Cyclical,SHOO
2011Q3,2011,Q3,2011-11-09,2011-09-30,31911000.0,319536000.0,50508000.0,0.33,115102000.0,0.3602160633,651014000.0,447133000.0,359377000.0,161824000.0,204013000.0,77042000.0,396639000.0,1277145121.5,1242004121.5,4.683614842747532,2.2207892525212576,0.0,0.0,0.0689088636994514,4.683614842747532,0.07136802696289471,3.996873971946823,10.005524125693336,2.856298062321502,0.0,2.6535396277355208,0.0,0.4908281542332423,1.5971363950959068,0.04901737904253979,-61.454389447598885,0.3602160632917731,0.3750000000000001,1.7937843233198136,1.870834028485201,1.2375553961521641,0.3687139544562697,0.3417003027245207,0.35818005808325265,1.7108968718162625,1.3497420932619555,1.1179043998413358,Footwear & Accessories,Consumer Cyclical,SHOO
2011Q2,2011,Q2,2011-08-09,2011-06-30,23784000.0,209152000.0,37188000.0,0.24,84095000.0,0.4020760021,596277000.0,412237000.0,286584000.0,141310000.0,184129000.0,67723000.0,364728000.0,1581270506.1,1550009506.1,4.3461534406595606,2.028051801004883,0.0,0.0,0.05502861989309384,4.3461534406595606,0.0576949667303032,7.5603891241776315,16.621158195635722,3.8358286764652374,0.0,1.8465956912717985,0.0,0.35076315202498165,1.412327506899724,0.039887501949597254,74.57416082342954,0.40207600214198286,0.26315789473684204,1.0791180287960944,0.7924762718067588,1.2783169644083165,0.14106025861951993,0.3322876988572709,0.35450737570570023,1.936944524551609,0.8035879279532765,1.1116241766320738,Footwear & Accessories,Consumer Cyclical,SHOO
2011Q1,2011,Q1,2011-05-09,2011-03-31,17852000.0,170322000.0,27455000.0,0.19,73699000.0,0.4327039372,464033000.0,378369000.0,221495000.0,68503000.0,85664000.0,33845000.0,340944000.0,1312398848.25,1252044848.25,4.008915906788247,3.233362042538283,0.0,0.0,0.04471099167742563,4.008915906788247,0.04718145514035241,7.705398294113503,18.378876992073717,3.4685686413263244,0.0,2.8548677795833948,0.0,0.36704717121411623,2.453804942849218,0.03847140181840516,-248.41924063032369,0.43270393724827094,0.0,0.8406464244238767,0.7607409412947812,1.2305406668642538,0.059502587694077055,0.012879432624113476,-0.4460361978168318,8.353884770249559,0.8214559834905772,1.3232424444075181,Footwear & Accessories,Consumer Cyclical,SHOO
2010Q4,2010,Q4,2011-02-28,2010-12-31,17625000.0,161028000.0,49561000.0,0.19,69560000.0,0.4319745634,447696000.0,357298000.0,210067000.0,71431000.0,90398000.0,39557000.0,323092000.0,1166701547.8125,1100550547.8125,3.785663296051281,2.940838011507609,0.0,0.0,0.0853920132888894,3.785663296051281,0.04932857166846722,7.245333406690141,16.548958125,3.2653458676301015,0.0,2.3123088201835325,0.0,0.3596815696365391,2.1053604177457967,0.039368232014581325,26.921603890728477,0.4319745634299625,-0.2083333333333333,1.6529427956153562,0.9721945236796202,1.197442087869113,-0.10254425349641327,-0.23088671670448596,0.32558574943832247,3.031937223116197,0.6850903684888608,0.7840230908820356,Footwear & Accessories,Consumer Cyclical,SHOO
2010Q3,2010,Q3,2010-11-09,2010-09-30,22916000.0,184118000.0,37388000.0,0.24,77508000.0,0.4209691611,430014000.0,334317000.0,209003000.0,76626000.0,95697000.0,44485000.0,305465000.0,1136538378.0,1107493378.0,3.5786448298008993,2.727572886487615,0.0,0.0,0.06641238275854949,3.5786448298008993,0.06854572157563031,6.172880315884378,12.398961184325364,3.399582964671255,0.0,2.3965381589299763,0.0,0.4281674550130926,1.8805757836765589,0.05329128819061705,55.459833992094865,0.42096916108148036,0.14285714285714285,3.562443717519746,1.0195381785178028,1.0353125585188696,0.04630254596506385,0.15743219354512855,0.16644307865098432,1.368443999373024,0.8357108406045151,0.8000841187004019,Footwear & Accessories,Consumer Cyclical,SHOO
2010Q2,2010,Q2,2010-08-09,2010-06-30,19799000.0,163893000.0,32053000.0,0.21,74078000.0,0.4519900179,401354000.0,307171000.0,216857000.0,75379000.0,94183000.0,44466000.0,282551000.0,870838358.85,828031358.85,3.2942532803543374,2.8768887886546652,0.0,0.0,0.06261575116283588,3.2942532803543374,0.06445595450091317,5.313456699492962,10.995989176852365,2.835027912302919,0.0,2.0198578689335673,0.0,0.4083502344563652,1.9881664654612028,0.049330516202654016,121.59150500558503,0.45199001787751764,0.31249999999999994,2.988327968721129,0.7285997012704643,0.9656767313216257,0.12033998275888144,0.2869028274293143,0.28939217184922966,1.1113546762115594,0.6980854239298024,0.5188454789718794,Footwear & Accessories,Consumer Cyclical,SHOO
2010Q1,2010,Q1,2010-05-07,2010-03-31,15385000.0,137792000.0,24859000.0,0.16,66121000.0,0.4798609498,355970000.0,286069000.0,198341000.0,51186000.0,69901000.0,23929000.0,262752000.0,893202094.6875,823981094.6875,3.0872768233540406,3.874907201187825,0.0,0.0,0.05213645819336126,3.0872768233540406,0.053780731222187655,6.482249293772497,14.514171184392264,3.122330957522486,0.0,2.995152325629989,0.0,0.38708879961794534,2.9701090141835658,0.043219934264123384,71.7028252940114,0.47986094983743616,0.06666666666666674,16.346323566719853,0.7927513342658304,0.913191824530389,0.45416758302177257,0.1350055330136481,0.185003336829059,0.8481150210171026,0.4794760702273387,0.6246891318687777,Footwear & Accessories,Consumer Cyclical,SHOO
2009Q4,2009,Q4,2010-03-12,2009-12-31,13555000.0,123518000.0,20978000.0,0.15,45470000.0,0.3681244839,326859000.0,267787000.0,191369000.0,52362000.0,59072000.0,30453000.0,247365000.0,754831983.375,685565983.375,2.8899761899944014,3.6547305297735,0.0,0.0,0.049281883918519113,2.8899761899944014,0.05061858865441564,6.111109177407341,13.921652220121729,2.818777548480696,0.0,2.56290020687617,0.0,0.37789383189693415,2.785264122837172,0.04147048115548294,28.037738034878537,0.36812448388089186,-0.21052631578947373,38.41628638683196,0.584871738880129,0.7638969368494624,-0.32539093795436336,-0.23980707756155012,-0.25909444091262274,0.5449847925640039,0.2395819589791758,0.4470063490699776,Footwear & Accessories,Consumer Cyclical,SHOO
2009Q3,2009,Q3,2009-11-09,2009-09-30,17831000.0,145864000.0,28314000.0,0.19,67402000.0,0.4620879724,316290000.0,249898000.0,182550000.0,61144000.0,66392000.0,29678000.0,233809000.0,666296788.1832,618674788.1832,2.7270630446148902,2.9855750359806357,0.0,0.0,0.07014415718152137,2.7270630446148902,0.07135311206972444,4.567931691049196,9.341831475845437,2.666274992929915,0.0,2.6437765348069275,0.0,0.4611717095070979,2.260728771424833,0.05637547820038572,48.28937441536455,0.46208797235781274,0.4615384615384615,4.282330920784717,0.7975071151168478,0.6364576776136693,0.1840491875274484,0.4682971014492754,0.4615940532727648,0.626357848207861,0.36528826585156704,0.30283015064185564,Footwear & Accessories,Consumer Cyclical,SHOO
2009Q2,2009,Q2,2009-08-07,2009-06-30,12144000.0,123834000.0,19372000.0,0.13,56925000.0,0.4596879694,282884000.0,229253000.0,166426000.0,48395000.0,53631000.0,29025000.0,215978000.0,455933777.0625,402657777.0625,2.513852737308568,3.438908978200227,0.0,0.0,0.051984520572611166,2.513852737308568,0.05297204398633824,3.6818141791632346,9.385988493546197,1.9887799813415747,0.0,2.305219638242894,0.0,0.4377554050423495,2.5137307573096392,0.04292925722204154,25.934799605375428,0.45968796937836137,0.7783857729138168,2.288050931865494,0.5902355410740641,0.5257016681831653,0.2270434557682359,0.8464345446252091,0.8800465838509317,0.10413639632942491,0.10381937857856596,0.3177982359880111,Footwear & Accessories,Consumer Cyclical,SHOO
2009Q1,2009,Q1,2009-05-08,2009-03-31,6577000.0,110334000.0,10304000.0,0.0731,46392000.0,0.4204687585,254145000.0,214100000.0,167081000.0,34061000.0,40045000.0,28071000.0,203834000.0,335961791.1014,272726791.1014,2.3640985107151082,4.905346290478847,0.0,0.0,0.02958238922330817,2.3640985107151082,0.03071929005137786,3.044952517822249,12.770328078964576,1.569181649235871,0.0,2.2778668376616436,0.0,0.4341379920911291,3.6872963213058925,0.025878927383973717,127.11380669746501,0.4204687584969275,-0.08050314465408809,0.7715392530928517,0.5567243056155508,0.4512741543692797,-0.03536897261555736,-0.08678144959733407,5.958614051973051,-0.2932776302872481,0.18869813323387388,0.3153725324330683,Footwear & Accessories,Consumer Cyclical,SHOO
2008Q4,2008,Q4,2009-03-12,2008-12-31,7202000.0,119097000.0,-2078000.0,0.0795,48093000.0,0.4038136981,284693000.0,206242000.0,194736000.0,72650000.0,78451000.0,31597000.0,197257000.0,381388223.0006,291800223.0006,2.2773302430962414,2.680467997247075,0.0,0.0,-0.00581722429196109,2.2773302430962414,0.03492014235703688,3.202332745582172,13.238969140537348,1.8492267481919298,0.0,2.247175364749818,0.0,0.4183348378779949,2.029525120440468,0.0252974256479787,9.728795035982857,0.40381369807803724,-0.33749999999999997,2.1363506268279653,0.8616133768109389,0.4398646675702415,-0.09222522131410558,-0.3504689754689755,-1.1573169808463926,0.12976828726359443,0.5201508072804497,0.3219087205607338,Footwear & Accessories,Consumer Cyclical,SHOO
2008Q3,2008,Q3,2008-11-07,2008-09-30,11088000.0,128093000.0,13209000.0,0.12,52979000.0,0.4135979328,246296000.0,198864000.0,175996000.0,42824000.0,47432000.0,40740000.0,190037000.0,440165805.3276,407050805.3276,2.211438270347995,4.109751541191855,0.0,0.0,0.041020954911162866,2.211438270347995,0.055756698044895005,3.436298668370637,9.924373316369048,2.213401145142409,0.0,1.843740795287187,0.0,0.5200774677623672,2.7000747244535774,0.04501900152661838,54.972624619408016,0.41359793275198486,0.4134275618374557,0.7306122071392239,0.594898974247787,0.43115501555441166,0.16342754243801744,0.45244956772334294,0.4768559928443649,1.2933505140287584,0.4596197446883452,0.2577297547236438,Footwear & Accessories,Consumer Cyclical,SHOO
2008Q2,2008,Q2,2008-08-08,2008-06-30,7634000.0,109317000.0,8944000.0,0.0849,45537000.0,0.4165591811,227498000.0,184032000.0,158198000.0,38968000.0,43466000.0,35327000.0,178949000.0,324626014.575,305777014.575,2.0582040539010307,4.0596900020529665,0.0,0.0,0.029645565991997226,2.0582040539010307,0.04148191618848896,2.9695840040890253,10.63092790722426,1.76396504181338,0.0,1.8054179522744642,0.0,0.48051851005283563,1.2875949497023198,0.03355633895682599,-34.468678549055,0.4165591810971761,3.287878787878788,0.4500181671969922,0.3996939693103016,0.3930978782328374,0.13233867959716525,2.720272904483431,18.233140655105974,0.6036813251873093,0.20237528682089442,0.22812773419472027,Footwear & Accessories,Consumer Cyclical,SHOO
2008Q1,2008,Q1,2008-05-12,2008-03-31,2052000.0,100539000.0,-519000.0,0.0198,40215000.0,0.3999940322,225941000.0,175107000.0,137523000.0,46385000.0,50834000.0,26407000.0,171315000.0,343370472.4644,320419472.4644,1.7255693293820722,2.9648162121375443,0.0,0.0,-0.0018084826197793055,1.7255693293820722,0.011718549229899433,3.4152962777071583,41.833634559502926,1.9609180242046294,0.0,2.284394289392964,0.0,0.4449789989422017,1.8966476231540368,0.009082016986735475,-79.37366446241332,0.3999940321666219,-0.5723542116630669,-0.6110500048889169,0.22262325021208457,0.2273324390382045,0.03189469362619316,-0.563404255319149,-1.1118052563550194,1.1125715632232387,0.19441360719869724,0.06933887776463157,Footwear & Accessories,Consumer Cyclical,SHOO
2007Q4,2007,Q4,2008-03-12,2007-12-31,4700000.0,102745000.0,4642000.0,0.0463,38972000.0,0.3793079955,266521000.0,215334000.0,168855000.0,47717000.0,51187000.0,27197000.0,169263000.0,400898244.0872,371452244.0872,2.121981108540259,3.538675943584048,0.0,0.0,0.013002936520237726,2.121981108540259,0.021826557812514514,3.9018759461501773,21.324374685489364,1.8617507875542183,0.0,2.3448542118616023,0.0,0.3855043317412136,2.5492801307710042,0.017634632918231585,12.883162288296163,0.3793079955228965,-0.537,0.06638264175816373,0.25426290132245283,0.5843114389710135,-0.1675851168354052,-0.570344638449584,-0.4516891093786912,11.479528330377413,0.20378436212907403,0.2951511470459002,Footwear & Accessories,Consumer Cyclical,SHOO
2007Q3,2007,Q3,2007-11-09,2007-09-30,10939000.0,113395000.0,8466000.0,0.1,46818000.0,0.4128753472,257748000.0,209975000.0,184953000.0,44348000.0,47773000.0,36265000.0,164551000.0,399102277.2419,374470277.2419,1.9880431101100744,4.1704924686569855,0.0,0.0,0.032738307410762335,1.9880431101100744,0.052096678175973334,3.519575618342079,9.121086873615047,1.9007133098792712,0.0,1.8358472356266373,0.0,0.4399452178096435,2.829823216379544,0.04244067849217065,27.889746837309577,0.4128753472375325,0.03305785123966951,0.5943071226617673,0.11365394471105049,0.5533513591401705,0.030779392338177013,0.04002662103061418,-0.2838169359614246,1.8115987216576013,0.21238963416053322,0.19298613847265103,Footwear & Accessories,Consumer Cyclical,SHOO
2007Q2,2007,Q2,2007-08-09,2007-06-30,10518000.0,108256000.0,11821000.0,0.0968,45420000.0,0.4195610405,266670000.0,226839000.0,195875000.0,36524000.0,39831000.0,35153000.0,153612000.0,676787674.6956999,652854674.6956999,2.1689193048026505,5.362912057824992,0.0,0.0,0.02996296074904995,2.1689193048026505,0.04636768809596233,6.251733619343962,16.086415542301292,2.9835595937898685,0.0,1.7875003555884277,0.0,0.40595492556343044,3.6580604534005037,0.03944200697491281,-1118.6573135466115,0.41956104049660065,0.14016489988221428,0.8244590222776276,0.12143378719237212,0.7781761365899816,0.07645636820401006,0.1033252910940942,0.1563141934852783,1.4831949073111952,0.2122003220108996,0.31635546998467234,Footwear & Accessories,Consumer Cyclical,SHOO
2007Q1,2007,Q1,2007-05-09,2007-03-31,9533000.0,106654000.0,10223000.0,0.0849,42194000.0,0.3956157294,234654000.0,201633000.0,173198000.0,29788000.0,33021000.0,28654000.0,143094000.0,612031869.0,600564869.0,1.900226180378852,5.814354773734389,0.0,0.0,0.029153319381043513,1.900226180378852,0.04727896723254626,5.738480216400697,16.050347975453686,3.0353755040097603,0.0,2.249598659872967,0.0,0.45451601080740156,4.214650194709279,0.04062577241385188,288.8305186408683,0.39561572936786243,-0.10348468848996835,1.0588519218251975,0.41536502063192243,0.6389496672874325,-0.09392716028173853,-0.05115955011446203,-0.3861534766422481,1.1915294656589048,0.2843230425716529,0.1665119412496489,Footwear & Accessories,Consumer Cyclical,SHOO
