Year,Date,FillingDate,NetIncome,Revenue,OperatingIncome,EPSDiluted,GrossProfit,GrossProfitRatio,TotalAssets,CommonStockEquity,CurrentAssets,CurrentLiability,TotalLiability,Inventory,RetainedEarnings,EnterpriseValue,bookValuePerShare,currentRatio,debtToAssets,debtToEquity,roic,shareholdersEquityPerShare,roe,priceToSalesRatio,peRatio,pbRatio,payoutRatio,inventoryTurnover,dividendYield,assetTurnover,quickRatio,returnOnAssets,priceToFreeCashFlowsRatio,grossProfitMargin,epsdilutedGrowth,fiveYNetIncomeGrowthPerShare,fiveYRevenueGrowthPerShare,fiveYShareholdersEquityGrowthPerShare,grossProfitGrowth,netIncomeGrowth,operatingIncomeGrowth,threeYNetIncomeGrowthPerShare,threeYRevenueGrowthPerShare,threeYShareholdersEquityGrowthPerShare,Industry,Sector,Price,MarketCap,AvgVolume,Symbol
2022,2022-12-31,2023-03-31,-10674000.0,34000.0,-6975000.0,-0.28,21000.0,0.6176470588,3241000.0,-17212000.0,2453000.0,10078000.0,20556000.0,0.0,-116210000.0,38420845.5,-0.45360390038213205,0.2434014685453463,5.592101203332305,-1.0529862886358354,-7.758509113736632,-0.45360390038213205,0.6201487334417848,615.936632352941,-1.9619491755667977,-1.2167002963049034,0.0,0.0,0.0,0.010490589324282628,0.06439769795594363,-3.293427954335082,-3.5261568445866303,0.6176470588235294,-0.21739130434782614,-0.5304874556478922,-0.9771524162089453,-3.230634565065979,-0.832,-0.2456529349982495,0.1323547704938425,0.15339126857416024,-0.9806735687130007,-8.622304315213006,Biotechnology,Healthcare,0.76,28842988,29268,AGE
2021,2021-12-31,2022-03-29,-8569000.0,144000.0,-8039000.0,-0.23,125000.0,0.8680555556,3154000.0,-11832000.0,2234000.0,8967000.0,15029000.0,0.0,-105748000.0,53913740.0,-0.3123053370638231,0.24913571986171518,4.1857958148383005,-1.1157876943881,-5.858994551488687,-0.3123053370638231,0.7242224475997295,286.7759722222222,-4.81920177383592,-3.4901741041244083,0.0,0.0,0.0,0.045656309448319596,0.06791569086651054,-2.716867469879518,-5.257255251432209,0.8680555555555556,0.20689655172413784,-0.23057622716172838,-0.9030830683683981,-2.5357872344622066,-0.9269005847953217,0.2192966472303207,0.2466497985193515,-0.05262561879185945,-0.9049399745004882,-2.464190753087998,Biotechnology,Healthcare,0.76,28842988,29268,AGE
2020,2020-12-31,2021-03-31,-10976000.0,1868000.0,-10671000.0,-0.29,1710000.0,0.9154175589,3925000.0,-5116000.0,2283000.0,5357000.0,9321000.0,0.0,-97073000.0,63025880.0,-0.1358145955560275,0.4261713645697219,1.604076433121019,-1.2306489444878812,-8.921300237342978,-0.1358145955560275,2.145426114151681,30.651434689507493,-5.216552478134111,-11.191727912431586,0.0,0.0,0.0,0.4759235668789809,0.15923091282434199,-2.7964331210191085,-7.305969120837055,0.9154175588865097,0.12121212121212131,-0.5853207361095499,0.26447049381026905,-1.6678794671573878,0.1522911051212938,0.11369509043927649,0.15033044032168166,-0.5853207361095499,0.26447049381026905,-1.6678794671573878,Biotechnology,Healthcare,0.76,28842988,29268,AGE
2019,2019-12-31,2020-03-30,-12384000.0,1728000.0,-12559000.0,-0.33,1484000.0,0.8587962963,7442000.0,2218000.0,4054000.0,3297000.0,4825000.0,0.0,-86208000.0,67437220.0,0.059510074857127525,1.229602669093115,0.26283257188927706,0.8818755635707844,-2.7620397288783436,0.059510074857127525,-5.583408476104599,39.25533564814815,-5.47748869509044,30.58305680793508,0.0,0.0,0.0,0.23219564633163128,0.8234758871701547,-1.6640687987100242,-6.280272197018794,0.8587962962962963,-0.5714285714285715,-0.8077860513796958,0.18219362135543601,-0.7073543022135762,0.437984496124031,-0.6507597973873633,-0.11685193419297465,-0.8077860513796958,0.18219362135543601,-0.7073543022135762,Biotechnology,Healthcare,0.76,28842988,29268,AGE
2018,2018-12-31,2019-04-01,-7502000.0,1396000.0,-11245000.0,-0.21,1032000.0,0.7392550143266475,10671000.0,7447000.0,7853000.0,2440000.0,2440000.0,0.0,-74054000.0,97685860.0,0.2132955261499685,3.21844262295082,0.0,0.0,-1.5100040284678393,0.2132955261499685,-1.0073855243722305,74.77998567335244,-13.91533724340176,14.01810930576071,0.0,0.0,0.0,0.13082185362196608,2.8024590163934424,-0.7030268953237747,-10.557530339805826,0.7392550143266475,-0.14255246220055606,-0.16905403516029752,0.019534037807509712,0.048898329144075804,-0.1650485436893204,-0.14012158054711246,-0.6876782230226625,-0.16905403516029752,0.019534037807509712,0.048898329144075804,Biotechnology,Healthcare,0.76,28842988,29268,AGE
2017,2017-12-31,2017-12-31,-6580000.0,1404000.0,-6663000.0,-0.183799,1236000.0,0.8803418803418803,9631000.0,7280000.0,7593000.0,1312000.0,1312000.0,0.0,-66552000.0,89643000.0,0.20335195530726258,5.7873475609756095,0.0,0.0,-0.9152472527472527,0.20335195530726258,-0.9038461538461539,69.10113960113961,-14.744376899696048,13.326648351648352,0.0,0.0,0.0,0.14577925449070708,5.702743902439025,-0.6832104662028865,-15.433980273623925,0.8803418803418803,0.0,0.0,0.0,0.0,0.0,0.0,0.0,0.0,0.0,0.0,Biotechnology,Healthcare,0.76,28842988,29268,AGE
TTM,,,,,,,,,,,,,,,,58615988.0,-0.5242160737812912,0.07755826859045505,2.3982922352565637,-1.5106564793405046,-0.952841655515147,-0.5242160737812912,0.9276762242465,739.5637948717948,-1.9007512850929222,-1.4497838544284707,0.0,0.0,0.0,0.0031122815417763947,0.01269700332963374,-1.2109169260234618,-4.676230220492867,0.6666666666666666,,,,,,,,,,,Biotechnology,Healthcare,0.76,28842988,29268,AGE
