Quarters,Year,Quarter,FillingDate,Date,NetIncome,Revenue,OperatingIncome,EPSDiluted,GrossProfit,GrossProfitRatio,TotalAssets,CommonStockEquity,CurrentAssets,CurrentLiability,TotalLiability,Inventory,RetainedEarnings,MarketCap,EnterpriseValue,bookValuePerShare,currentRatio,debtToAssets,debtToEquity,roic,shareholdersEquityPerShare,roe,priceToSalesRatio,peRatio,pbRatio,payoutRatio,inventoryTurnover,dividendYield,assetTurnover,quickRatio,returnOnAssets,priceToFreeCashFlowsRatio,grossProfitMargin,epsdilutedGrowth,fiveYNetIncomeGrowthPerShare,fiveYRevenueGrowthPerShare,fiveYShareholdersEquityGrowthPerShare,grossProfitGrowth,netIncomeGrowth,operatingIncomeGrowth,threeYNetIncomeGrowthPerShare,threeYRevenueGrowthPerShare,threeYShareholdersEquityGrowthPerShare,Industry,Sector,Symbol
2023Q1,2023,Q1,2023-05-10,2023-03-31,19227000.0,46163000.0,31464000.0,0.19,44320000.0,0.9600762515,1622200000.0,840319000.0,75508000.0,187108000.0,781881000.0,17479000.0,-405465000.0,1939653539.9999998,2641356540.0,8.48267264266174,0.4035530281976185,0.4498662310442609,0.8684475776461082,0.01752773629002078,8.48267264266174,0.022880596535363357,42.017493230509274,25.220439226088313,2.3082347775071135,1.4255474072918293,0.10544081469191602,0.014130874114765879,0.028457033657995314,0.15237723667614425,0.01185242263592652,58.59803450046826,0.9600762515434439,2.869653767820774,0.003249567361768187,-0.06381632283287211,0.0784452880198489,-0.036773015735025644,3.0291282481139983,-0.05818965517241379,-0.044260479032649874,0.029141593011884126,-0.12429405371017807,REIT—Healthcare Facilities,Real Estate,CTRE
2022Q4,2022,Q4,2023-02-09,2022-12-31,4772000.0,47675000.0,33408000.0,0.0491,46012000.0,0.9651179864,1620781000.0,849373000.0,25885000.0,176910000.0,771408000.0,601000.0,-396954000.0,1806477659.9999998,2512797660.0,8.73597868904728,0.1463173364987847,0.44392055435003247,0.8470930910212592,0.007066506953293093,8.73597868904728,0.0056182619414556385,37.89150833770319,94.63944153394802,2.1268366901231848,5.586756077116513,2.767054908485857,0.01475800149114493,0.029414831491731457,0.07684133175060766,0.002944259588432984,56.583275700056376,0.96511798636602,1.6207332490518331,0.6455653093314924,0.02271166315211605,0.10928771787188368,0.0821515087372704,1.6241171854564478,0.17720849924239754,-0.774090024162097,0.1015874676467188,-0.10432746623839215,REIT—Healthcare Facilities,Real Estate,CTRE
2022Q3,2022,Q3,2022-11-08,2022-09-30,-7646000.0,47018000.0,28379000.0,-0.0791,42519000.0,0.9043132417,1645578000.0,813677000.0,102423000.0,237678000.0,831901000.0,0.0,-383951000.0,1749516550.0,2518878550.0,8.422721391232338,0.43093176482467876,0.4704869656740671,0.9515114719968735,-0.1927356255802987,8.422721391232338,-0.009396849118261915,37.20950593389766,-57.20365387130526,2.150136417767738,-3.486921266021449,0.0,0.01523906704397852,0.028572331423973824,0.023851597539528268,-0.004646391723759068,43.173421266934824,0.9043132417372071,-1.5273333333333334,-1.528097110132752,0.12083505422874441,0.04917706942954635,-0.06475595539229703,-1.5322288737296395,-0.010253548634603983,0.25133069994052204,0.4239516154762245,-0.13634699340974513,REIT—Healthcare Facilities,Real Estate,CTRE
2022Q2,2022,Q2,2022-08-04,2022-06-30,14366000.0,46806000.0,28673000.0,0.15,45463000.0,0.9713070974,1685772000.0,838268000.0,179746000.0,253556000.0,847504000.0,0.0,-357980000.0,1780640160.0000002,2549321160.0,8.680957706805849,0.708900597895534,0.47393597710722446,0.9530937599908382,0.012172605613858065,8.680957706805849,0.017137717293276136,38.042989360338424,30.987055547821246,2.1241895909184176,1.8636363636363635,0.0,0.015035603824637986,0.0277653205771599,0.12282099417880074,0.008521911622686817,55.622408396588895,0.9713070973806777,1.2941176470588236,4.317968878650735,0.10993861550939121,0.03610177874893027,0.029972813774354328,1.2931477778231237,0.3048009101251422,-0.28978044003998926,0.012678093406303485,-0.14801063009027435,REIT—Healthcare Facilities,Real Estate,CTRE
2022Q1,2022,Q1,2022-05-05,2022-03-31,-49006000.0,46007000.0,21975000.0,-0.51,44140000.0,0.9594192188,1593941000.0,844583000.0,175080000.0,155685000.0,749358000.0,0.0,-351968000.0,1860713000.0,2532800000.0,8.760325692355565,1.1245784757683785,0.4383305279179091,0.8272401883533057,0.016129224817672438,8.760325692355565,-0.05802390055210678,40.44412806746799,-9.492271354528018,2.203114436354982,-0.531445129167857,0.0,0.013996785103344794,0.02886367814116081,0.17789767800366124,-0.030745178146493503,56.97048467591317,0.9594192188145282,-4.923076923076923,-4.310159203288334,0.0491288207132562,0.05119763244339948,-0.08060820662362007,-4.898027362392619,-0.0824634655532359,-3.7867819447499302,0.07119920180253748,-0.049362768890198715,REIT—Healthcare Facilities,Real Estate,CTRE
2021Q4,2021,Q4,2022-02-16,2021-12-31,12572000.0,49118000.0,23950000.0,0.13,48010000.0,0.9774420783,1640848000.0,915757000.0,34660000.0,131693000.0,725091000.0,0.0,-282045000.0,2198460510.0,2851963510.0,9.509714736700001,0.2631878687553629,0.4103963316529014,0.7353457303629675,0.010375739868377682,9.509714736700001,0.013728532787628159,44.75875463170325,43.717397987591475,2.400702926649755,2.038975501113586,0.0,0.011659977463047541,0.029934521661969908,0.16943193639753062,0.007661891899798153,58.90679536989899,0.9774420782605155,0.08333333333333341,-0.052515383813793115,0.1052709926756742,0.27954354175587953,0.019688634963787355,0.05487497902332606,-0.14216125219384648,-0.2937592587193191,0.07106467808590236,0.04052096663217081,REIT—Healthcare Facilities,Real Estate,CTRE
2021Q3,2021,Q3,2021-11-08,2021-09-30,11918000.0,48087000.0,27919000.0,0.12,47083000.0,0.9791211762014682,1643666000.0,917615000.0,36791000.0,132904000.0,726051000.0,0.0,-274552000.0,1956755040.0,2612186040.0,9.529009211086535,0.2768238728706435,0.40954001603732143,0.7335832565945413,0.017550708402639743,9.529009211086535,0.012988017850623628,40.6919757938736,41.046212451753654,2.132435760095465,2.150948145662024,0.0,0.013100771162444534,0.02925594372579344,0.1594383916210197,0.007250864835069899,42.132399715780636,0.9791211762014682,-0.4545454545454546,-0.08987147228362698,0.06387205003068769,0.512847592895125,0.0022350887649538083,-0.44091570108364214,0.02128982697443026,-0.304931624964224,0.03827102998992075,0.07842366587242806,REIT—Healthcare Facilities,Real Estate,CTRE
2021Q2,2021,Q2,2021-08-05,2021-06-30,21317000.0,47744000.0,27337000.0,0.22,46978000.0,0.9839560991957105,1912419000.0,929609000.0,320314000.0,92889000.0,982810000.0,0.0,-260756000.0,2231984860.0,3170134860.0,9.67516288170521,3.448352334506777,0.49148277652543715,1.0110928358051612,0.014622391724123175,9.67516288170521,0.022931146320657396,46.74901265080429,26.17611366514988,2.4009931702468457,1.1987146408969367,0.0,0.011448554359817655,0.02496524035789228,0.038293016395913405,0.011146615882816475,64.76279189879294,0.9839560991957105,0.047619047619047665,0.6711069488975654,0.12269375778210408,0.5368325681480709,0.05450056116722783,0.04056428780630675,0.05405822247927511,0.2771939668182507,-0.0160253159398147,0.15686070020470638,REIT—Healthcare Facilities,Real Estate,CTRE
2021Q1,2021,Q1,2021-05-06,2021-03-31,20486000.0,45246000.0,25935000.0,0.21,44550000.0,0.9846174247447288,1634099000.0,925441000.0,39697000.0,212822000.0,708658000.0,0.0,-256359000.0,2220876730.0,2856243730.0,9.702876973725598,0.18652676884908514,0.4074636848807814,0.7194796859011001,0.01629823091768435,9.702876973725598,0.022136473313803907,49.08448768951951,27.10237149760812,2.3998036935904072,1.1695792248364736,0.0,0.010788532148742898,0.027688652890675534,0.15153038689609158,0.012536572141589953,68.06241893962611,0.9846174247447288,-0.05034718594158156,0.8777703454388861,-0.02380975040713315,0.2818016629906127,0.037445857202738575,-0.02702445974827832,-0.013353115727002967,0.11024260136966631,-0.04696138902218982,0.23357606657177374,REIT—Healthcare Facilities,Real Estate,CTRE
2020Q4,2020,Q4,2021-02-10,2020-12-31,21055000.0,43808000.0,26286000.0,0.22113344676203078,42942000.0,0.9802319211102994,1503559000.0,914142000.0,38418000.0,93823000.0,589417000.0,0.0,-251212000.0,2111846520.0,2638521520.0,9.60092003276829,0.4094731569018258,0.3628683676530153,0.5968372528556832,0.018007365715444437,9.60092003276829,0.023032526675286772,48.206869065010956,25.075356447399667,2.310195265068228,1.1340774162906673,0.0,0.011306692874631817,0.02913620283607095,0.22107585560043913,0.014003441168587332,56.54207550200803,0.9802319211102994,-0.03855023146943142,1.1260723411354072,-0.011245606028286293,0.7607128595139218,-0.02944965532828568,-0.023060504825538234,-0.02838766910623198,6.414058509911356,-0.04037399493065367,0.21911729088495102,REIT—Healthcare Facilities,Real Estate,CTRE
2020Q3,2020,Q3,2020-11-05,2020-09-30,21552000.0,45670000.0,27054000.0,0.23,44245000.0,0.9687978979636523,1453816000.0,916036000.0,28291000.0,42429000.0,537780000.0,0.0,-248334000.0,1694333130.0000002,2467062130.0,9.62081206545256,0.6667845105941691,0.3407246859299939,0.540754948495474,0.01916837833988835,9.62081206545256,0.02352745961949094,37.09947733742063,19.65401273663697,1.8496359640887476,1.107878619153675,0.0,0.014092270036648577,0.031413879060348766,0.4995168398972401,0.01482443445387862,41.89434834211112,0.9687978979636523,0.15,11.181666555861467,0.05882164372420352,0.4227828337434379,0.060039770957617575,0.138209664642197,0.13969163366753728,0.5103092071596563,0.10460590203799784,0.19841734511974424,REIT—Healthcare Facilities,Real Estate,CTRE
2020Q2,2020,Q2,2020-08-06,2020-06-30,18935000.0,43122000.0,23738000.0,0.2,41739000.0,0.9679282037011271,1450013000.0,917446000.0,13444000.0,37458000.0,532567000.0,0.0,-245952000.0,1633769280.0,2123080280.0,9.636228048063188,0.3589086443483368,0.3414514214700144,0.5396600998859878,0.016805009362467302,9.636228048063188,0.020638816889495405,37.88714067065535,21.5707589120676,1.780779773414457,1.2608397148138368,0.0,0.014612834438899476,0.029739043718918383,0.20139890010144695,0.01305850361341588,51.99113034623218,0.9679282037011271,0.0,1.7451807008437439,-0.1736723780216182,1.78338788843729,-0.007584763897474916,-0.02018111254851229,-0.04451779101593946,6.109139626052866,0.037141788495025294,0.15011653762592142,REIT—Healthcare Facilities,Real Estate,CTRE
2020Q1,2020,Q1,2020-05-07,2020-03-31,19325000.0,43089000.0,24844000.0,0.2,42058000.0,0.9760727795957205,1531218000.0,921793000.0,37162000.0,114559000.0,609425000.0,0.0,-240956000.0,1407431190.0,1953360190.0,9.686667857630752,0.32439179811276286,0.37216516524753496,0.6182147184888581,0.016655281133288506,9.686667857630752,0.020964576645732827,32.66335236371231,18.207389262613194,1.526840830858989,1.1142043984476067,0.0,0.015298794110140476,0.02814034317778396,0.22464406986792831,0.012620671909551743,38.54075223177611,0.9760727795957205,-0.09090909090909087,2.120588315701816,-0.1526519123863572,1.7374871615779512,0.027659678444020917,-0.06470815990707579,0.029888488164821952,0.3224589934965837,-0.004515726113724082,0.16235430916598972,REIT—Healthcare Facilities,Real Estate,CTRE
2019Q4,2019,Q4,2020-02-20,2019-12-31,20662000.0,42333000.0,24123000.0,0.22,40926000.0,0.966763517822975,1518861000.0,927591000.0,68338000.0,96646000.0,591270000.0,0.0,-236350000.0,1961974890.0,2496271890.0,9.753540897763477,0.7070959998344474,0.36515783866989804,0.5979186947695698,0.01627496685703491,9.753540897763477,0.02227490348655819,46.34622847423996,23.73892762075307,2.1151292865066607,1.0388152163391733,0.0,0.010939997300373198,0.027871543215606958,0.2369265153239658,0.013603614813995487,63.01104441661046,0.966763517822975,3.0,9.79985048791711,-0.12994189982244647,1.6921052008184132,0.3341809290953545,3.055102446787348,0.9028950067050564,0.5767349443698048,-0.03544791366323883,0.3123506446330961,REIT—Healthcare Facilities,Real Estate,CTRE
2019Q3,2019,Q3,2019-11-07,2019-09-30,-10054000.0,32506000.0,12677000.0,-0.11,30675000.0,0.9436719374884637,1524766000.0,927486000.0,72666000.0,102898000.0,597280000.0,0.0,-235512000.0,2235396015.0,2789029015.0,9.752436831645689,0.7061944838578009,0.3668641614516588,0.6031163812715232,0.008525975406021248,9.752436831645689,-0.010840055806772286,68.76872008244632,-55.584742764073994,2.4101668542705768,-2.1354684702605926,0.0,0.009604562169714703,0.02131868103040073,0.07652238138739334,-0.006593798655006735,66.88797172351885,0.9436719374884637,-1.523809523809524,-2.1961011356530946,-0.5211086039750358,0.4505629519684197,-0.3002167217976503,-1.5104071479338004,-0.5084910049627791,-1.7774218951492806,-0.27181154810926855,0.5483194798942413,REIT—Healthcare Facilities,Real Estate,CTRE
2019Q2,2019,Q2,2019-08-06,2019-06-30,19698000.0,45010000.0,25792000.0,0.21,43835000.0,0.9738946900688736,1531559000.0,958137000.0,19281000.0,79282000.0,573422000.0,0.0,-203958000.0,2201382760.0,2737893760.0,10.189044621208899,0.24319517671098106,0.35202039229308174,0.562696148880588,0.017225937485181433,10.189044621208899,0.020558646623603932,48.90874827816041,27.93916590516804,2.2975657552103717,1.0140623413544523,0.0,0.009073842297193243,0.02938835526414588,0.15557125198657956,0.012861404621043003,69.52320490146539,0.9738946900688736,0.16666666666666666,1.4502797860328906,-0.24345611063598382,0.5340357513585111,0.1635345330997505,0.22706036254905626,0.14825037841688185,0.5777862984121951,0.08143247394079771,0.6184591209102153,REIT—Healthcare Facilities,Real Estate,CTRE
2019Q1,2019,Q1,2019-05-07,2019-03-31,16053000.0,39207000.0,22462000.0,0.18,37674000.0,0.9608998393144081,1523986000.0,811031000.0,231473000.0,219058000.0,712955000.0,0.0,-202148000.0,2054153400.0,2518696400.0,9.215214180206795,1.0566744880351322,0.44547456472697256,0.8370789772524109,0.015075896284921151,9.215214180206795,0.01979332479276378,52.3925166424363,31.990179405718557,2.532768044624681,1.1032205818227123,0.0,0.008621556695814441,0.025726614286482947,1.0166896438386182,0.010533561331928246,68.30329853029194,0.9608998393144081,0.0,11.144100642086126,-0.23009894184364743,0.3767658713539863,0.03662328371350741,0.03307806165132891,0.026271302599716728,0.5946218253427877,-0.08328554934508536,0.21737881382909893,REIT—Healthcare Facilities,Real Estate,CTRE
2018Q4,2018,Q4,2019-02-13,2018-12-31,15539000.0,40031000.0,21887000.0,0.18,36343000.0,0.9078713996652594,1291762000.0,768247000.0,56847000.0,128750000.0,523515000.0,0.0,-198190000.0,1551729140.0,2004702140.0,9.139378293817439,0.4415300970873786,0.37914491988462273,0.6375098112976686,0.01739808523289126,9.139378293817439,0.020226567757505073,38.76318703005171,24.96507400733638,2.0198310439220717,1.105090417658794,0.0,0.011066364326959795,0.030989454713794027,0.37420582524271845,0.012029305708017421,57.54177846998183,0.9078713996652594,0.0,4.461559195575434,-0.17556115101478426,0.24970589976168006,0.02556649829274487,0.07091660923501034,0.04233736546337746,0.7773069940260233,0.023406169160706956,0.6760707135321198,REIT—Healthcare Facilities,Real Estate,CTRE
2018Q3,2018,Q3,2018-11-05,2018-09-30,14510000.0,39193000.0,20998000.0,0.18,35437000.0,0.9041665603551655,1240357000.0,720050000.0,31921000.0,125756000.0,520307000.0,0.0,-196019000.0,1417926000.0,1886732000.0,8.83605350349736,0.2538328191100226,0.3906544648032784,0.672940768002222,0.017431498064504346,8.83605350349736,0.020151378376501633,36.17804199729544,24.430151619572705,1.9692049163252552,1.1164024810475535,0.0,0.011424432586749944,0.03159816085207726,0.223679188269347,0.011698244940771084,46.83642729735086,0.9041665603551655,0.058823529411764594,15.509411688977771,-0.14801280627137847,0.0,0.01804131115516102,0.09369111328861084,0.04198094481937277,8.582592812714633,0.061687731676824106,0.30672807630851845,REIT—Healthcare Facilities,Real Estate,CTRE
2018Q2,2018,Q2,2018-08-01,2018-06-30,13267000.0,38569000.0,20152000.0,0.17,34809000.0,0.9025123804091368,1211840000.0,638738000.0,25555000.0,178764000.0,573102000.0,0.0,-193333000.0,1274682060.0,1807460060.0,8.363291172388509,0.1429538385804748,0.44918306047002904,0.8522085737814252,0.017033563355185972,8.363291172388509,0.02077064461484991,33.04939355440898,24.01978706565162,1.995625843460073,1.1746438531695182,0.0,0.01222579377950922,0.031826808819646155,0.1151406323420823,0.010947814893055189,63.55297701550581,0.9025123804091368,-0.1052631578947368,6.142977515889192,-0.06785585746738951,0.0,0.02684444968878138,-0.09173683850208804,0.05342394145321484,1.3977630428380836,-0.07866056697118402,1.4157049045118277,REIT—Healthcare Facilities,Real Estate,CTRE
2018Q1,2018,Q1,2018-05-08,2018-03-31,14607000.0,37583000.0,19130000.0,0.19,33899000.0,0.9019769576670303,1218731000.0,593888000.0,22113000.0,230719000.0,624843000.0,0.0,-190376000.0,1011753600.0,1591682600.0,7.865649502013138,0.09584386201396504,0.4874939588801795,1.000397381324425,0.016102530950865817,7.865649502013138,0.024595546635055768,26.920511933586994,17.31624563565414,1.703610108303249,0.9614568357636749,0.0,0.013880850040958589,0.03083781408694782,0.08752638490978203,0.011985417618818262,45.86579627362981,0.9019769576670303,5.370230905861457,11.759211229736172,-0.1397497474069755,0.17513902321054398,0.04400985525100092,5.486234458259325,1.2877302080841904,1.9728092381122306,-0.06851488442838898,1.2228608274486124,REIT—Healthcare Facilities,Real Estate,CTRE
2017Q4,2017,Q4,2018-02-27,2017-12-31,2252000.0,36201000.0,8362000.0,0.029826234371688916,32470000.0,0.8969365487141239,1184986000.0,594617000.0,13058000.0,196457000.0,590369000.0,0.0,-189375000.0,1265447040.0,1817450040.0,7.875304619622802,0.06646747125325135,0.4716612685719494,0.9399529445004096,0.007249059191403077,7.875304619622802,0.0037873118326586692,34.956134913400184,140.4803552397869,2.1281716466229526,6.235790408525755,0.0,0.011097264094118073,0.030549728013664297,0.06191176695154665,0.0019004443934358718,57.87017149128824,0.8969365487141239,-0.8011584375220739,1.558510498964356,-0.16996417798155145,0.07685822045693974,0.09952253564051336,-0.8009017770312086,-0.500089675375142,0.48264790764790755,-0.06283937710647852,1.1736873558788605,REIT—Healthcare Facilities,Real Estate,CTRE
2017Q3,2017,Q3,2017-11-08,2017-09-30,11311000.0,32772000.0,16727000.0,0.15,29531000.0,0.901104601489076,1126018000.0,605876000.0,95210000.0,126428000.0,520142000.0,0.0,-177586000.0,1436967840.0,1910873840.0,8.02793125836414,0.753076850064859,0.4340197048359795,0.8066237976087516,0.015281520934779233,8.02793125836414,0.01866883652760631,43.84742585133651,31.76040668375917,2.371719361717579,1.241888427194766,0.0,0.009775444939672416,0.0291043304813955,0.21964280064542666,0.01004513249344149,65.22185185185185,0.901104601489076,4.0,13.212585206563343,-0.23077796068180292,0.0,0.030534617532104968,4.57192118226601,0.023433675966715615,0.6956809322524872,-0.3915980996181052,0.19406255742619166,REIT—Healthcare Facilities,Real Estate,CTRE
2017Q2,2017,Q2,2017-08-02,2017-06-30,2030000.0,31689000.0,16344000.0,0.03,28656000.0,0.904288554387958,1030057000.0,607976000.0,56027000.0,28569000.0,422081000.0,0.0,-174852000.0,1345336560.0,1703782560.0,8.378479686897084,1.9611116944940319,0.3820293440071763,0.6472492335223758,0.016319716262201845,8.378479686897084,0.0033389475900364486,42.454370917353025,165.681842364532,2.212811953103412,6.611822660098523,0.0,0.009976685685253362,0.030764316926150687,1.557317371976618,0.0019707647246705764,54.38999636143117,0.904288554387958,-0.8,0.15034183451645616,-0.19392110071669486,0.0,0.043136398383750135,-0.802548390234413,0.021180880974695407,1.0601352732203853,-0.3097497350268025,0.2614418583443435,REIT—Healthcare Facilities,Real Estate,CTRE
2017Q1,2017,Q1,2017-05-02,2017-03-31,10281000.0,30453000.0,16005000.0,0.15,27471000.0,0.9020786129445375,967438000.0,557947000.0,10524000.0,54485000.0,409491000.0,0.0,-162834000.0,1126115820.0,1506838820.0,8.333661931860615,0.19315407910434065,0.3948635468112685,0.6846635970800093,0.017027447117036704,8.333661931860615,0.01842648136830201,36.97881390995961,27.383421359789903,2.0183204139461277,1.0772298414551114,0.0,0.00983469000550938,0.03147798618619488,0.1691291181059007,0.01062703759827503,55.84229991074085,0.9020786129445375,0.07142857142857129,9.54019241340682,-0.21390263742509233,0.2450607340013178,0.07987735366956249,0.22567954220314734,0.11657597321054834,9.54019241340682,-0.21390263742509233,0.2450607340013178,REIT—Healthcare Facilities,Real Estate,CTRE
2016Q4,2016,Q4,2017-02-07,2016-12-31,8388000.0,28093000.0,14334000.0,0.14,25439000.0,0.905528067490122,925358000.0,452430000.0,14765000.0,118212000.0,472928000.0,0.0,-159693000.0,932605000.0,1374821000.0,7.432114989733059,0.12490271715223497,0.4859913676652712,0.994001281966271,0.015888780751674342,7.432114989733059,0.01853988462303561,33.19705976577795,27.79580948974726,2.0613244037751697,1.1770386266094421,0.0,0.010586475517502051,0.030359061033675614,0.11332182857916286,0.009064599862971952,62.51541761630245,0.905528067490122,0.07692307692307698,3.5801940110758506,-0.2010761738601299,0.016257085742877535,0.04959359656723192,0.07099080694586313,0.04581934919013571,3.5801940110758506,-0.2010761738601299,0.016257085742877535,REIT—Healthcare Facilities,Real Estate,CTRE
2016Q3,2016,Q3,2016-11-02,2016-09-30,7832000.0,27034000.0,13706000.0,0.13,24237000.0,0.896537693275135,845089000.0,362775000.0,19299000.0,127888000.0,482314000.0,0.0,-157006000.0,851254100.0,1296802100.0,6.298723847556212,0.15090547979482047,0.5412755342928378,1.2609082764799118,0.016710538026654443,6.298723847556212,0.021589139273654467,31.488277724347117,27.17230911644535,2.3465070636069187,1.2574055158324822,0.0,0.011568813589267882,0.03198953009683004,0.13718253471787814,0.0092676629325432,39.77822897196262,0.896537693275135,0.0,12.080889015409165,-0.16851502852685935,0.0,0.05778379086108323,0.026339929236011007,0.06994535519125683,12.080889015409165,-0.16851502852685935,0.0,REIT—Healthcare Facilities,Real Estate,CTRE
2016Q2,2016,Q2,2016-08-08,2016-06-30,7631000.0,25440000.0,12810000.0,0.13,22913000.0,0.9006682389937107,803478000.0,361854000.0,14926000.0,87480000.0,441624000.0,0.0,-154964000.0,792046840.0,1204546840.0,6.29552176484916,0.17062185642432556,0.5253958415787364,1.1666141593018178,0.01633932739624336,6.29552176484916,0.021088615850591675,31.133916666666668,25.948330494037478,2.1888574950118,1.2900013104442405,0.0,0.012428557886803766,0.031662347942320763,0.1569387288523091,0.009497459793547552,60.37402545925757,0.9006682389937107,0.18181818181818185,4.459236342970474,-0.18303078485175653,0.0,0.09328180169863537,0.3869501999272992,0.12024486226497595,4.459236342970474,-0.18303078485175653,0.0,REIT—Healthcare Facilities,Real Estate,CTRE
2016Q1,2016,Q1,2016-05-11,2016-03-31,5502000.0,23375000.0,11435000.0,0.11,20958000.0,0.8965989304812835,743508000.0,364111000.0,23442000.0,25541000.0,379397000.0,0.0,-152749000.0,610882700.0,965075700.0,7.56971788528305,0.9178184096159117,0.4826525067652265,0.9855675879058858,0.01581676618711504,7.56971788528305,0.015110776658766145,26.1340192513369,27.757301890221736,1.6777375580523521,1.4002181025081788,0.0,0.01261125908460004,0.03143880092749506,0.26976234289965156,0.007400054874997983,40.741810057356275,0.8965989304812835,0.057587447531481054,7.361446006112138,-0.16015171615727927,0.1309264262810334,0.03989282524560881,0.09974015590645613,0.04917882374529774,7.361446006112138,-0.16015171615727927,0.1309264262810334,REIT—Healthcare Facilities,Real Estate,CTRE
2015Q4,2015,Q4,2016-02-11,2015-12-31,5003000.0,22383000.0,10899000.0,0.10401031163593273,20154000.0,0.9004154939016218,673166000.0,262288000.0,15892000.0,61973000.0,410878000.0,0.0,-148406000.0,526705949.99999994,909143950.0,5.452859607908359,0.2564342536265793,0.5851528449149244,1.5018033611907522,0.01660944264873292,5.452859607908359,0.019074452510217776,23.531517222892372,26.319505796522083,2.008120653632648,1.5398760743553868,0.0,0.014626757111819225,0.033250342411827095,0.22282284220547657,0.007432044993359736,46.94767358944647,0.9004154939016218,4.200515581796636,2.9476428142187068,-0.19441676840649091,-0.25438354738143865,0.27605419779663165,5.8817056396148555,0.41784831533758293,2.9476428142187068,-0.19441676840649091,-0.25438354738143865,REIT—Healthcare Facilities,Real Estate,CTRE
2015Q3,2015,Q3,2015-11-05,2015-09-30,727000.0,17724000.0,7687000.0,0.02,15794000.0,0.8911081020085759,684972000.0,264562000.0,190957000.0,64714000.0,420410000.0,0.0,-145705000.0,444068750.0,832666750.0,6.7619680511182105,2.950783447167537,0.5849815758892334,1.5145636939545362,0.011554915536528685,6.7619680511182105,0.002747938101465819,25.054657526517715,152.70589752407153,1.6785054164997242,7.001375515818432,0.0,0.011462189131750433,0.025875510239834622,0.2327008066260778,0.0010613572525592287,33.01871886385605,0.8911081020085759,-0.7142857142857143,2.5141425679411107,-0.19751621092673138,0.0,0.032962720732504905,-0.6791703442188879,-0.041879596161037015,2.5141425679411107,-0.19751621092673138,0.0,REIT—Healthcare Facilities,Real Estate,CTRE
2015Q2,2015,Q2,2015-08-10,2015-06-30,2266000.0,17144000.0,8023000.0,0.07,15290000.0,0.8918572095193654,511176000.0,108286000.0,34232000.0,46036000.0,402890000.0,0.0,-138728000.0,396292260.0,758242260.0,3.4620500031971355,0.7435919715005648,0.7665735480538992,3.618694937480376,0.016041508377654258,3.4620500031971355,0.020926066158136785,23.11550746616892,43.72156443071492,3.6596813992575217,2.2285966460723743,0.0,0.012743120443482796,0.03353835078329186,0.693804848379529,0.004432915473339906,87.46242772015007,0.8918572095193654,0.16666666666666682,1.9790172707952378,0.011727175801295148,0.0,0.027899159663865546,0.11187438665358194,0.039787454639709695,1.9790172707952378,0.011727175801295148,0.0,REIT—Healthcare Facilities,Real Estate,CTRE
2015Q1,2015,Q1,2015-05-12,2015-03-31,2038000.0,16735000.0,7716000.0,0.06,14875000.0,0.8888556916641769,482786000.0,110816000.0,16318000.0,14450000.0,371970000.0,0.0,-135904000.0,424658520.0,768584520.0,3.5385254015391,1.1292733564013842,0.7405351439354082,3.226248917123881,0.01647535103002972,3.5385254015391,0.018390846087207622,25.375471765760384,52.092556427870456,3.8321047502165753,1.9362119725220805,0.0,0.009292171978558207,0.034663391233382905,1.0799307958477509,0.0042213320187412225,38.41325373134328,0.8888556916641769,1.9825714285714284,4.619206739470576,-0.07647450483937453,-0.4713393620061396,0.18535341461471033,2.234920634920635,0.19276549698562376,4.619206739470576,-0.07647450483937453,-0.4713393620061396,REIT—Healthcare Facilities,Real Estate,CTRE
2014Q4,2014,Q4,2015-02-11,2014-12-31,630000.0,16022000.0,6469000.0,0.020116869431937925,12549000.0,0.7832355511172139,482572000.0,113462000.0,28420000.0,10905000.0,369110000.0,0.0,-132892000.0,386138610.0,719023610.0,3.6230162531532395,2.6061439706556624,0.7422830168347936,3.1570481747192893,0.014974984977045481,3.6230162531532395,0.005552519786360191,24.10052490325802,153.22960714285713,3.4032417020676524,0.0,0.0,0.0,0.033201263231186225,2.5319578175149013,0.0013055046708056,84.77247200878156,0.7832355511172139,-0.7764792285340231,1.3766979982795675,-0.11430783395947723,-0.5045937873519318,-0.14376364628820962,-0.6797153024911032,-0.18217446270543616,1.3766979982795675,-0.11430783395947723,-0.5045937873519318,REIT—Healthcare Facilities,Real Estate,CTRE
2014Q3,2014,Q3,2014-10-30,2014-09-30,1967000.0,15884000.0,7910000.0,0.09,14656000.0,0.9226894988667842,517943000.0,149625000.0,92118000.0,9451000.0,368318000.0,0.0,2423000.0,318246500.0,588268500.0,6.723208267804988,9.746905089408529,0.6928696787098194,2.398442773600668,0.015555800287910135,6.723208267804988,0.013146198830409357,20.0356648199446,40.44820793085918,2.1269607351712616,0.0,0.0,0.0,0.030667467269564413,9.708073219765105,0.0037977151925984135,32.48076137987344,0.9226894988667842,1.1914893617021276,8.202171690602514,0.2643320785739742,0.0,0.14250077954474588,1.1901953200541482,39.77319587628866,8.202171690602514,0.2643320785739742,0.0,REIT—Healthcare Facilities,Real Estate,CTRE
2014Q2,2014,Q2,2014-08-13,2014-06-30,-10342000.0,14065000.0,194000.0,-0.47,12828000.0,0.9120511908993957,513352000.0,147658000.0,82293000.0,6190000.0,365694000.0,0.0,456000.0,440173800.0,719332800.0,6.64198641536593,13.294507269789984,0.7003070018233103,2.4347072288667055,0.00038315058873929534,6.64198641536593,-0.07004022809465116,31.29568432278706,-10.640441887449237,2.9810359072993,0.0,0.0,0.0,0.027398354345556264,13.282067851373183,-0.02014602066418364,136.02404202719407,0.9120511908993957,-25.138701963183358,-20.129236019277005,0.167806721978738,0.0,0.1591217132014096,-24.855,-0.9345479082321188,-20.129236019277005,0.167806721978738,0.0,REIT—Healthcare Facilities,Real Estate,CTRE
2014Q1,2014,Q1,2014-03-31,2014-03-31,-400000.0,12872000.0,2964000.0,-0.017981,11067000.0,0.8597731510254817,511900000.0,148900000.0,800000.0,4000000.0,363000000.0,0.0,0.0,389080231.32,649080231.3199999,6.693377844370919,0.2,0.5079117015042001,1.7461383478844863,0.00798756591459853,6.693377844370919,-0.002686366689053056,30.226866945307645,-243.17514457499996,2.613030431967763,0.0,0.0,0.0,0.025145536237546395,0.0,-0.0007814026176987692,90.12745687282835,0.8597731510254817,0.663297178023569,0.0,0.0,0.0,0.19746808050205583,0.6632996632996633,0.4107567824845312,0.0,0.0,0.0,REIT—Healthcare Facilities,Real Estate,CTRE
2013Q4,2013,Q4,2013-12-31,2013-12-31,-1188000.0,12850000.0,2101000.0,-0.053403175816740436,9242000.0,0.7192217898832685,430466000.0,162689000.0,1803000.0,5783000.0,267777000.0,0.0,0.0,389080231.32,647492231.3199999,7.313223291624314,0.31177589486425733,0.6023867157917234,1.5938815777342046,0.0048801316590772435,7.313223291624314,-0.007302276121925883,30.278617223346302,-81.87715305555555,2.3915583187554166,0.0,0.0,0.0,0.029851370375360654,0.15822237592944838,-0.0027597998448193354,82.29277312182741,0.7192217898832685,-3.3516277556014047,0.0,0.0,0.0,-0.1819791113471411,-3.3516483516483517,-0.2961474036850921,0.0,0.0,0.0,REIT—Healthcare Facilities,Real Estate,CTRE
2013Q3,2013,Q3,2013-09-30,2013-09-30,-273000.0,12558000.0,2985000.0,-0.012272,11298000.0,0.8996655518394648,,,,,,,,389080231.32,,,0.0,0.0,0.0,0.0,,0.0,30.98265896798853,-356.30057813186806,0.0,0.0,0.0,0.0,0.0,0.0,0.0,43.978776005425566,0.8996655518394648,-1.5046260125827542,0.0,0.0,0.0,0.04292439767377458,-1.5046210720887245,-0.23185795162120432,0.0,0.0,0.0,REIT—Healthcare Facilities,Real Estate,CTRE
2013Q2,2013,Q2,2013-06-30,2013-06-30,541000.0,12052000.0,3886000.0,0.024319,10833000.0,0.898854961832061,,,,,,,,389080231.32,,,0.0,0.0,0.0,0.0,,0.0,32.28345762694988,179.79677972273564,0.0,,0.0,,0.0,0.0,0.0,0.0,0.898854961832061,0.0,0.0,0.0,0.0,0.0,0.0,0.0,0.0,0.0,0.0,REIT—Healthcare Facilities,Real Estate,CTRE
