Quarters,Year,Quarter,FillingDate,Date,NetIncome,Revenue,OperatingIncome,EPSDiluted,GrossProfit,GrossProfitRatio,TotalAssets,CommonStockEquity,CurrentAssets,CurrentLiability,TotalLiability,Inventory,RetainedEarnings,MarketCap,EnterpriseValue,bookValuePerShare,currentRatio,debtToAssets,debtToEquity,roic,shareholdersEquityPerShare,roe,priceToSalesRatio,peRatio,pbRatio,payoutRatio,inventoryTurnover,dividendYield,assetTurnover,quickRatio,returnOnAssets,priceToFreeCashFlowsRatio,grossProfitMargin,epsdilutedGrowth,fiveYNetIncomeGrowthPerShare,fiveYRevenueGrowthPerShare,fiveYShareholdersEquityGrowthPerShare,grossProfitGrowth,netIncomeGrowth,operatingIncomeGrowth,threeYNetIncomeGrowthPerShare,threeYRevenueGrowthPerShare,threeYShareholdersEquityGrowthPerShare,Industry,Sector,Symbol
2023Q4,2023,Q4,2023-06-20,2023-05-31,3319000000.0,13837000000.0,4140000000.0,1.19,10107000000.0,0.7304328973,134384000000.0,1556000000.0,21004000000.0,23090000000.0,132828000000.0,0.0,0.0,295474672242.2,376190672242.2,0.5578909310537413,0.9096578605456908,0.6733018811763305,58.14974293059126,0.04194356883048765,0.5578909310537413,2.1330334190231364,21.35395477648334,22.256302518996684,189.89374822763494,0.32600180777342574,0.0,0.0036619043919713253,0.10296612691987142,0.7406669553919446,0.024697880700083344,79.13087098077129,0.7304328973043289,0.7499999999999998,0.413190490295039,0.7839299831620931,-0.9506358153557399,0.1281393012613015,0.7514511873350923,0.27032832157103404,0.16135750973270158,0.4452373359827768,-0.8594876328197427,Software—Infrastructure,Technology,ORCL
2023Q3,2023,Q3,2023-03-10,2023-02-28,1895000000.0,12398000000.0,3259000000.0,0.68,8959000000.0,0.7226165511,131620000000.0,-1912000000.0,18696000000.0,22880000000.0,133532000000.0,0.0,-29721000000.0,235805200000.00003,319397200000.0,-0.7086730911786508,0.8171328671328671,0.6975459656587145,-48.01830543933055,0.030988909295072954,-0.7086730911786508,-0.9911087866108786,19.019616067107602,31.108865435356204,-123.32907949790795,0.4554089709762533,0.0,0.0036598005472313587,0.09419541103175809,0.6548076923076923,0.014397507977511017,143.17255616272013,0.722616551056622,0.07936507936507943,1.7194776117203376,0.9385573821384425,-1.06112600141954,0.004710104295166536,0.08845491097070649,0.06121784435037447,-0.12852310901170294,0.4964134163473027,-1.1588104784587212,Software—Infrastructure,Technology,ORCL
2023Q2,2023,Q2,2022-12-13,2022-11-30,1741000000.0,12275000000.0,3071000000.0,0.63,8917000000.0,0.7264358452,128469000000.0,-3776000000.0,17561000000.0,27106000000.0,132245000000.0,0.0,-30617000000.0,223765850000.0,307871850000.0,-1.401113172541744,0.6478639415627536,0.7077115880095587,-24.078125,0.028616815241580103,-1.401113172541744,-0.4610699152542373,18.22939714867617,32.131799253302695,-59.26002383474576,0.4956921309592188,0.0,0.0038567100386408385,0.09554834240166889,0.49977864679406775,0.013551907464057477,-141.08817780580077,0.7264358452138493,0.1249999999999999,0.2034958835547409,0.9694086779480339,-1.104328610255847,0.06053758325404377,0.12467700258397933,0.17079679756004576,-0.09290085571225455,0.5373519909315922,-1.2921424047354597,Software—Infrastructure,Technology,ORCL
2023Q1,2023,Q1,2022-09-13,2022-08-31,1548000000.0,11445000000.0,2623000000.0,0.56,8408000000.0,0.7346439493,130309000000.0,-5449000000.0,21004000000.0,34819000000.0,135758000000.0,0.0,-31134000000.0,199092750000.00003,280221750000.0,-2.0294227188081937,0.6032338665671042,0.7027680359760262,-16.80620297302257,0.028468497847490896,-2.0294227188081937,-0.28408882363736465,17.395609436435127,32.15322189922481,-36.53748394200771,0.5555555555555556,0.0,0.0043195947617379335,0.08782969710457451,0.4927482121830035,0.011879455755166565,42.586684491978616,0.7346439493228484,-0.5172413793103448,0.0842013195480168,0.9282943532669737,-1.1507225078962606,-0.10969927996611606,-0.5145813734713076,-0.4174994448145681,-0.10511420228326152,0.5338407609110665,-1.365192597964888,Software—Infrastructure,Technology,ORCL
2022Q4,2022,Q4,2022-06-21,2022-05-31,3189000000.0,11840000000.0,4503000000.0,1.16,9444000000.0,0.7976351351,109297000000.0,-5768000000.0,31633000000.0,19511000000.0,115065000000.0,0.0,-31336000000.0,191810640000.0,246286640000.0,-2.1627296587926508,1.6212905540464353,0.6940629660466435,-13.151699029126213,0.05653351919704006,-2.1627296587926508,-0.5528779472954231,16.200222972972973,15.036895578551272,-33.254271844660195,0.2677955471934776,0.0,0.004452307755190223,0.10832868239750405,1.427656193941879,0.029177379068043952,74.86754098360656,0.7976351351351352,0.38095238095238093,0.5286936595796811,0.6839977073920565,-1.16591902989475,0.1386544489992766,0.37516170763260026,-0.4471454880294659,0.08350637320067604,0.35092747958000253,-1.3364466749436903,Software—Infrastructure,Technology,ORCL
2022Q3,2022,Q3,2022-03-11,2022-02-28,2319000000.0,10513000000.0,8145000000.0,0.84,8294000000.0,0.7889279939,108644000000.0,-8211000000.0,31675000000.0,20833000000.0,116855000000.0,0.0,-33147000000.0,202839900000.0,258570900000.0,-3.0752808988764047,1.5204243267892286,0.7217425720702478,-9.549750334916576,0.09470460969065976,-3.0752808988764047,-0.2824260138838144,19.294197660039952,21.867173350582146,-24.70343441724516,0.36869340232858994,0.0,0.004215147019891057,0.096765583005044,1.3429174866797868,0.021344943116969183,73.92124635568513,0.7889279939122991,2.8260869565217392,0.5931625775953351,0.7567756898119612,-1.249534301129811,0.011340080477990488,2.859663191659984,10.969400244798042,0.11565379341397036,0.44408778085018036,-1.4572590220729613,Software—Infrastructure,Technology,ORCL
2022Q2,2022,Q2,2021-12-10,2021-11-30,-1247000000.0,10360000000.0,-817000000.0,-0.46,8201000000.0,0.7916023166,106897000000.0,-10101000000.0,31078000000.0,18881000000.0,116555000000.0,0.0,-34076000000.0,244453560000.0,304946560000.0,-3.749443207126949,1.6459933266246491,0.7337062780059309,-7.764676764676764,-0.009966564822648188,-3.749443207126949,0.12345312345312345,23.595903474903476,-49.0083319967923,-24.20092664092664,-0.6904570970328789,0.0,0.0035221413834185928,0.09691572261148582,1.4458979926910651,-0.011665434951401817,-53.061332754504015,0.7916023166023166,-1.5348837209302326,-1.93487277063641,0.7467926635220862,-1.3175212521573398,0.07554098360655738,-1.5075295075295074,-1.2384009337613073,-1.7380691673738944,0.4960853303420323,-1.4562321317058826,Software—Infrastructure,Technology,ORCL
2022Q1,2022,Q1,2021-09-13,2021-08-31,2457000000.0,9728000000.0,3427000000.0,0.86,7625000000.0,0.7838199013157895,122924000000.0,-1541000000.0,47117000000.0,23071000000.0,124054000000.0,0.0,-25679000000.0,246800970000.0,306459970000.0,-0.5565185987721198,2.0422608469507173,0.6729198529172497,-53.678131083711875,0.038689173266772146,-0.5565185987721198,-1.5944192083062947,25.37016550164474,25.11202380952381,-160.1563724853991,0.361009361009361,0.0,0.003593989116007121,0.0791383293742475,1.8981405227341683,0.019987960040350135,57.01108108108108,0.7838199013157895,-0.3722627737226278,0.9950258318469772,0.6836294628197881,-1.048325078704382,-0.16254805052169138,-0.390625,-0.2453204140057256,0.5294095700027984,0.49194617397153634,-1.057074332351022,Software—Infrastructure,Technology,ORCL
2021Q4,2021,Q4,2021-06-21,2021-05-31,4032000000.0,11227000000.0,4541000000.0,1.37,9105000000.0,0.8109913601140109,131107000000.0,5238000000.0,55567000000.0,24164000000.0,125155000000.0,0.0,-20120000000.0,226535789999.99997,280682790000.0,1.839831401475237,2.299577884456216,0.6425667584492056,16.083428789614356,0.04923296037529757,1.839831401475237,0.7697594501718213,20.17776699029126,14.046117931547618,43.24852806414662,0.22743055555555555,0.0,0.004047925495569597,0.08563234609898784,2.1504303923191523,0.03075350667775176,54.91776727272727,0.8109913601140109,-0.18452380952380942,1.087098752811286,0.5436552782957184,-0.8386563297613016,0.11444308445532436,-0.1969727145986855,0.17096441464672513,0.6818482248318484,0.41798752617651186,-0.8372051382065169,Software—Infrastructure,Technology,ORCL
2021Q3,2021,Q3,2021-03-11,2021-02-28,5021000000.0,10085000000.0,3878000000.0,1.68,8170000000.0,0.8101140307387209,118109000000.0,8900000000.0,43744000000.0,20250000000.0,108472000000.0,0.0,-16206000000.0,192753210000.0,239731210000.0,3.0552694816340544,2.1601975308641976,0.5867376745209933,7.7864044943820225,0.07600688491109084,3.0552694816340544,0.5641573033707865,19.112861675756072,9.597351623182634,21.657664044943818,0.13921529575781716,0.0,0.003626398751024691,0.0853872270529765,2.0000493827160493,0.04251157828785274,58.587601823708205,0.8101140307387209,1.0999999999999999,2.3652264888104226,0.60656485939562,-0.7214489432702503,0.03930797608446762,1.056101556101556,0.08233324030142339,2.7656302145929774,0.4605095197004186,-0.7364703006278521,Software—Infrastructure,Technology,ORCL
2021Q2,2021,Q2,2020-12-11,2020-11-30,2442000000.0,9800000000.0,3583000000.0,0.8,7861000000.0,0.8021428571428572,110014000000.0,7917000000.0,46251000000.0,21347000000.0,101398000000.0,0.0,-17095000000.0,171832440000.0,214613440000.0,2.6593886462882095,2.1666276291750597,0.6433908411656698,8.940507768093974,0.03740885784956728,2.6593886462882095,0.30845017051913604,17.53392244897959,17.591363636363635,21.704236453201972,0.2936117936117936,0.0,0.004172669607671288,0.0890795716908757,2.0150840867569215,0.02219717490501209,209.55175609756097,0.8021428571428572,0.11111111111111122,0.5827057662072858,0.5516939405825327,-0.7545259892079149,0.04995325230399359,0.08485117725455353,0.11585175957645594,0.5281691655731708,0.4233783540281471,-0.801978650237006,Software—Infrastructure,Technology,ORCL
2021Q1,2021,Q1,2020-09-15,2020-08-31,2251000000.0,9367000000.0,3211000000.0,0.72,7487000000.0,0.7992953987402583,113546000000.0,9491000000.0,49939000000.0,18748000000.0,103406000000.0,0.0,-15410000000.0,174006020000.0,217496020000.0,3.1210128247287074,2.6636974610625135,0.6232363975833582,7.456116320724897,0.03470527711998807,3.1210128247287074,0.23717205773891054,18.57649407494395,19.32541314971124,18.333792013486462,0.3243003109729009,0.0,0.004195257152597364,0.08249520018318567,2.4991999146575634,0.01982456449368538,31.539970998731196,0.7992953987402583,-0.29732991014120663,0.8291453550192776,0.5740272385354699,-0.7139220679798325,-0.11605667060212514,-0.277599486521181,-0.25464252553389044,0.39200995147761886,0.3934324580502733,-0.7682065565937114,Software—Infrastructure,Technology,ORCL
2020Q4,2020,Q4,2020-06-22,2020-05-31,3116000000.0,10439000000.0,4308000000.0,1.0246629398224267,8470000000.0,0.8113804004214963,115438000000.0,12074000000.0,52140000000.0,17200000000.0,102721000000.0,0.0,-12696000000.0,161355460000.0,195713460000.0,3.970404472213088,3.031395348837209,0.6202203780384276,5.929849262878913,0.04340764469124355,3.970404472213088,0.2580752029153553,15.456984385477536,12.94572047496791,13.36387775385125,0.2374839537869063,0.0,0.004586147875008381,0.09042949462048892,2.826046511627907,0.0269928446438781,50.72475950958818,0.8113804004214963,0.2970416959777553,0.6200601213949795,0.3976618384291941,-0.6443500586816092,0.08146067415730338,0.2119797744068456,0.22108843537414966,0.3099960604412955,0.30213282392691126,-0.6954008303159213,Software—Infrastructure,Technology,ORCL
2020Q3,2020,Q3,2020-03-13,2020-02-29,2571000000.0,9796000000.0,3528000000.0,0.79,7832000000.0,0.7995100040832993,96704000000.0,14235000000.0,33442000000.0,15740000000.0,81823000000.0,0.0,-10771000000.0,157777400000.0,185623400000.0,4.462382445141066,2.1246505717916135,0.5343625909993381,3.6301369863013697,0.04473969409757838,4.462382445141066,0.18061116965226554,16.106308697427522,15.342026448852588,11.083765367053038,0.29871645274212366,0.0,0.0048676172886611135,0.10129880873593647,1.9072426937738247,0.026586283917935143,60.312461773700306,0.7995100040832993,0.1449275362318842,0.4177720959159699,0.4450460842271048,-0.5927768676219121,0.03515728257996299,0.11250540891389009,0.10838831291234684,0.47836612571947007,0.37012125412282765,-0.6379135690567153,Software—Infrastructure,Technology,ORCL
2020Q2,2020,Q2,2019-12-13,2019-11-30,2311000000.0,9614000000.0,3183000000.0,0.69,7566000000.0,0.7869773247347618,98443000000.0,15563000000.0,34540000000.0,14592000000.0,82258000000.0,0.0,-9174000000.0,182174300000.0,209303300000.0,4.795993836671803,2.3670504385964914,0.5248621029428197,3.3199897192058088,0.03893626001683658,4.795993836671803,0.14849322110133006,18.948855835240273,19.707302033751624,11.705603032834286,0.33189095629597576,0.0,0.004210253586812191,0.09766057515516594,2.1583059210526314,0.023475513749073067,1110.8189024390244,0.7869773247347618,0.09523809523809515,0.25726069375624305,0.363440123472051,-0.5544264186824694,0.04200523343892026,0.0814225549836219,0.10636079249217935,0.43836429152057077,0.3457630870531736,-0.5938517043105715,Software—Infrastructure,Technology,ORCL
2020Q1,2020,Q1,2019-09-13,2019-08-31,2137000000.0,9218000000.0,2877000000.0,0.63,7261000000.0,0.7876979822087221,106229000000.0,18433000000.0,42384000000.0,18875000000.0,87210000000.0,0.0,-6446000000.0,172683020000.0,196040020000.0,5.55712993668978,2.2455099337748345,0.512477760310273,2.9533987956382575,0.033991940522666825,5.55712993668978,0.11593338035045841,18.73324148405294,20.201569957884885,9.368145174415451,0.37201684604585866,0.0,0.004603811075344872,0.08677479784239708,2.0939867549668874,0.020116917225992903,30.759355183469896,0.7876979822087221,-0.4112149532710281,0.31299783775665607,0.43897225301137044,-0.47766217535569944,-0.19980163103372273,-0.4286096256684492,-0.32417195207892885,0.44852292609331584,0.33179427361611163,-0.5174487570522778,Software—Infrastructure,Technology,ORCL
2019Q4,2019,Q4,2019-06-21,2019-05-31,3740000000.0,11137000000.0,4257000000.0,1.07,9074000000.0,0.8147616054592799,108709000000.0,21785000000.0,46386000000.0,18630000000.0,86346000000.0,0.0,-3496000000.0,171483400000.0,207136400000.0,6.4281498967246975,2.4898550724637682,0.5166729525614254,2.5782419095708056,0.05283067266990997,6.4281498967246975,0.17167775992655496,15.397629523210918,11.462794117647059,7.871627266467753,0.21550802139037434,0.0,0.004700163397739957,0.10244781940777672,2.30601180891036,0.03440377521640343,42.774607133948614,0.8147616054592799,0.4078947368421053,0.3608481636969791,0.305198381377289,-0.3834856022937361,0.18800733176224144,0.36247723132969034,0.2524271844660194,0.6263348770626487,0.2863842603303016,-0.4362845984961128,Software—Infrastructure,Technology,ORCL
2019Q3,2019,Q3,2019-03-18,2019-02-28,2745000000.0,9614000000.0,3399000000.0,0.76,7638000000.0,0.7944664031620553,109438000000.0,23714000000.0,47617000000.0,17986000000.0,85200000000.0,0.0,-1284000000.0,183810380000.0,225249380000.0,6.7254679523539425,2.6474480151228734,0.5131581351998392,2.36817913468837,0.03782824777728426,6.7254679523539425,0.11575440667959855,19.11903266070314,16.740471766848817,7.751133507632622,0.24408014571949,0.0,0.0036450607414010025,0.08784882764670407,2.4476259312798843,0.025082695224693433,76.01752688172043,0.7944664031620553,0.24590163934426235,0.3645799126289916,0.31715959072029726,-0.3236472160112885,0.010183838116651236,0.17659665666523788,0.09609803289261529,0.5199335548172757,0.26527420803270063,-0.3868343802759061,Software—Infrastructure,Technology,ORCL
2019Q2,2019,Q2,2018-12-19,2018-11-30,2333000000.0,9562000000.0,3101000000.0,0.61,7561000000.0,0.7907341560343024,118318000000.0,30572000000.0,56938000000.0,20315000000.0,87263000000.0,0.0,5107000000.0,181387200000.0,228601200000.0,8.218279569892474,2.80275658380507,0.4905255328859514,1.8984037681538664,0.02943251077870373,8.218279569892474,0.07631165772602382,18.969587952311233,19.437119588512644,5.933115268873478,0.3060437205315045,0.0,0.0039363306782397,0.08081610574891394,2.626925916810239,0.019718047972413326,1451.0976,0.7907341560343024,0.0701754385964913,0.11403356371799588,0.25680868330290124,-0.14445979731739395,0.044337016574585636,0.030022075055187638,0.11627069834413246,0.21005513383352678,0.21161494782680434,-0.2414143563980883,Software—Infrastructure,Technology,ORCL
2019Q1,2019,Q1,2018-09-19,2018-08-31,2265000000.0,9193000000.0,2778000000.0,0.57,7240000000.0,0.7875557489394104,128358000000.0,38067000000.0,67009000000.0,19562000000.0,89794000000.0,0.0,12022000000.0,189656320000.0,229330320000.0,9.75076844262295,3.4254677435845005,0.45286620234032937,1.527018152205322,0.025751926103627663,9.75076844262295,0.05950035463787533,20.63051452191885,20.933368653421635,4.982171434575879,0.3275938189845475,0.0,0.003912339963150186,0.07162000031162842,3.2626009610469278,0.01764595895853784,29.918965136456855,0.7875557489394104,-0.3048780487804878,0.22019289043853008,0.29607669593414426,0.031936358457696386,-0.20202799515044637,-0.33519225124743174,-0.36575342465753424,0.43366453146846573,0.20330464893233047,-0.10622614249732945,Software—Infrastructure,Technology,ORCL
2018Q4,2018,Q4,2018-06-22,2018-05-31,3407000000.0,11252000000.0,4380000000.0,0.82,9073000000.0,0.8063455385709207,137264000000.0,45726000000.0,75964000000.0,19195000000.0,91040000000.0,0.0,18412000000.0,189029120000.0,228028120000.0,11.301532377656946,3.9574889294087003,0.4416234409604849,1.3257009141407514,0.03389446844117553,11.301532377656946,0.07450903206053448,16.799601848560258,13.870642794247138,4.1339526746271265,0.2283533900792486,0.0,0.004115767983260992,0.08197342347592959,3.779109143005991,0.024820783308077864,44.145053713218125,0.8063455385709207,1.8367346938775508,0.019506365187106016,0.17063417180906826,0.16640076142813132,0.1678465697000901,1.8466699801192843,0.2844574780058651,0.3313626160955326,0.13230513026959978,0.01233749736363617,Software—Infrastructure,Technology,ORCL
2018Q3,2018,Q3,2018-03-21,2018-02-28,-4024000000.0,9771000000.0,3410000000.0,-0.98,7769000000.0,0.7951079725718965,138201000000.0,47789000000.0,77732000000.0,17968000000.0,89929000000.0,496000000.0,20037000000.0,208861740000.0,250089740000.0,11.593643862202814,4.32613535173642,0.4393238833293536,1.2704806545439327,-0.038322396716557294,11.593643862202814,-0.08420347778777543,21.37567700337734,-12.97600273359841,4.370498231810668,-0.19458250497017893,4.036290322580645,0.0037488914915675795,0.07070136974406842,4.13830142475512,-0.029117010730747246,69.06803571428571,0.7951079725718965,-2.8846153846153846,-2.846016775875727,0.25296791788820105,0.26639991897043297,0.014759665621734587,-2.802060008956561,0.1111111111111111,-2.7172954351206053,0.11546161470455078,0.0579998526085488,Software—Infrastructure,Technology,ORCL
2018Q2,2018,Q2,2017-12-18,2017-11-30,2233000000.0,9621000000.0,3069000000.0,0.52,7656000000.0,0.7957592765824758,138762000000.0,55868000000.0,78545000000.0,15494000000.0,82462000000.0,436000000.0,28296000000.0,204089600000.0,243448600000.0,13.429807692307692,5.069381696140441,0.4372162407575561,1.0859347032290398,0.020511342409955807,13.429807692307692,0.03996921314527099,21.212930048851472,22.84926108374384,3.653067945872414,0.3542319749216301,4.506880733944954,0.003875748690771112,0.06933454403943443,4.8649799922550665,0.016092301927040545,813.1059760956175,0.7957592765824758,0.0,-0.0033923941227311572,0.2186773612356414,0.4972346849112083,0.055417700578990904,0.010407239819004524,0.08791208791208792,-0.052377232829121254,0.06432322138426279,0.24770125101325283,Software—Infrastructure,Technology,ORCL
2018Q1,2018,Q1,2017-09-18,2017-08-31,2210000000.0,9187000000.0,2821000000.0,0.52,7254000000.0,0.7895939915097421,133597000000.0,55959000000.0,73335000000.0,20226000000.0,77231000000.0,312000000.0,28586000000.0,209171480000.0,241141480000.0,13.464629451395572,3.62577870068229,0.39889368773250894,0.9523222359227291,0.02207564323305109,13.464629451395572,0.0394932003788488,22.768202895395667,23.661932126696833,3.737941707321432,0.3565610859728507,6.19551282051282,0.003767243985652346,0.06876651421813364,3.485019282112133,0.016542287626219152,34.32980141145577,0.7895939915097421,-0.3157894736842105,0.2724101724012292,0.315082901189274,0.5124362791650453,-0.18402699662542182,-0.3162128712871287,-0.3075601374570447,0.08373149548558596,0.14461482073493895,0.2655966906314501,Software—Infrastructure,Technology,ORCL
2017Q4,2017,Q4,2017-06-27,2017-05-31,3232000000.0,10893000000.0,4074000000.0,0.76,8890000000.0,0.8161204443220417,134991000000.0,53860000000.0,74515000000.0,24178000000.0,80745000000.0,300000000.0,27598000000.0,187551480000.0,223676480000.0,13.03484995159729,3.0819339895773017,0.4289841544991888,1.0751763832157446,0.03132331212173233,13.03484995159729,0.06000742666171556,17.217614982098596,14.50738551980198,3.482203490531006,0.24350247524752475,6.676666666666667,0.004196181229814876,0.08069426850678935,2.952187939449086,0.023942336896533842,47.589819842679525,0.8161204443220417,0.43396226415094336,0.10281229283022944,0.17539816949426706,0.4521290678086432,0.21564337481197868,0.44350156319785616,0.3768164920581277,-0.035459034526558776,0.04704914499946973,0.25015327834765577,Software—Infrastructure,Technology,ORCL
2017Q3,2017,Q3,2017-03-17,2017-02-28,2239000000.0,9205000000.0,2959000000.0,0.53,7313000000.0,0.7944595328625746,125382000000.0,50615000000.0,66011000000.0,15790000000.0,74359000000.0,391000000.0,25576000000.0,174917130000.0,209136130000.0,12.324080837594352,4.180557314756175,0.43042063454084317,1.066225427244888,0.023480112342177496,12.324080837594352,0.04423589844907636,19.002404128191202,19.530720187583746,3.4558358194211203,0.2733363108530594,4.838874680306906,0.0034987996887440352,0.07341564179866328,3.994490183660545,0.017857427700945908,77.43122177954848,0.7944595328625746,0.10416666666666677,0.09273423121258141,0.2415273608212314,0.4392898270201507,0.01036197844708483,0.10187007874015748,-0.025683240039512677,-0.04441720051013559,0.08271880207563607,0.23938236620270215,Software—Infrastructure,Technology,ORCL
2017Q2,2017,Q2,2016-12-19,2016-11-30,2032000000.0,9035000000.0,3037000000.0,0.48,7238000000.0,0.8011068068622026,123600000000.0,48462000000.0,64734000000.0,16347000000.0,74755000000.0,327000000.0,24375000000.0,164939760000.0,200674760000.0,11.808479532163743,3.9599926592035235,0.4395388349514563,1.121022656927077,0.022360296833420192,11.808479532163743,0.041929759399116834,18.255645821804094,20.292785433070865,3.403486442986257,0.3021653543307087,5.495412844036697,0.003722571198114997,0.07309870550161812,3.786382822536245,0.01644012944983819,501.3366565349544,0.8011068068622026,0.11627906976744183,0.1386558956190151,0.2622629146734494,0.4200034666421142,0.061445959818155156,0.1091703056768559,0.14994320333207117,-0.12048585580240802,0.0764259968579731,0.22928757611648812,Software—Infrastructure,Technology,ORCL
2017Q1,2017,Q1,2016-09-19,2016-08-31,1832000000.0,8595000000.0,2641000000.0,0.43,6819000000.0,0.7933682373472949,123223000000.0,47435000000.0,74451000000.0,15142000000.0,75391000000.0,286000000.0,23380000000.0,169785180000.0,195227180000.0,11.516144695314397,4.916853784176463,0.43868433652808325,1.1395804785495942,0.02008947561101233,11.516144695314397,0.03862127121323917,19.753947643979057,23.169375,3.579322862864973,0.3373362445414847,6.20979020979021,0.003639893658563133,0.06975158858330019,4.7419759609034475,0.014867354308854679,30.44927905308465,0.7933682373472949,-0.3484848484848485,0.22359584956247286,0.26137225285979515,0.4255777278607423,-0.2124047124047124,-0.34896943852167733,-0.33442540322580644,-0.06458620530322857,0.14851676712406953,0.21876839659191896,Software—Infrastructure,Technology,ORCL
2016Q4,2016,Q4,2016-06-22,2016-05-31,2814000000.0,10594000000.0,3968000000.0,0.66,8658000000.0,0.8172550500283179,112180000000.0,47289000000.0,64313000000.0,17208000000.0,64390000000.0,212000000.0,23888000000.0,166709400000.0,190412400000.0,11.403183023872678,3.7373895862389586,0.39093421287216973,0.9273826894203726,0.03282661012304334,11.403183023872678,0.059506439129607305,15.736209175004719,14.810714285714287,3.5253314724354508,0.22139303482587064,9.132075471698114,0.0037370418224767165,0.0944375111428062,3.5745002324500232,0.02508468532715279,46.960394366197185,0.8172550500283179,0.32000000000000006,0.07039108042750812,0.20013691724708604,0.45119952903367605,0.20702634880803011,0.3137254901960784,0.31086884704327716,-0.17845048386661452,0.07533377217088398,0.17689185123645637,Software—Infrastructure,Technology,ORCL
2016Q3,2016,Q3,2016-03-18,2016-02-29,2142000000.0,9012000000.0,3027000000.0,0.5,7173000000.0,0.7959387483355526,104894000000.0,45870000000.0,57069000000.0,11825000000.0,58558000000.0,212000000.0,23390000000.0,153813960000.0,213520960000.0,10.968436154949785,4.826131078224101,0.38234789406448416,0.8743405275779377,0.02760412317046904,10.968436154949785,0.04669718770438195,17.06768308921438,17.952142857142857,3.353258338783519,0.2950513538748833,8.674528301886792,0.004108859820005934,0.08591530497454573,4.618266384778012,0.02042061509714569,49.52155827430779,0.7959387483355526,-0.01960784313725492,0.22408824749873216,0.24344831831275313,0.5147986354857323,0.004621848739495798,-0.025034137460172964,0.024365482233502538,-0.031452115639367166,0.139058632617767,0.19810706823122715,Software—Infrastructure,Technology,ORCL
2016Q2,2016,Q2,2015-12-18,2015-11-30,2197000000.0,8993000000.0,2955000000.0,0.51,7140000000.0,0.7939508506616257,106483000000.0,45924000000.0,58618000000.0,13754000000.0,60151000000.0,238000000.0,23737000000.0,165193830000.0,189722830000.0,10.83368719037509,4.261887450923368,0.3938656874806307,0.913247974915077,0.027694322566932866,10.83368719037509,0.04783990941555614,18.36915712220616,18.797659308147473,3.597113274105043,0.28948566226672734,7.785714285714286,0.0038500227278464336,0.08445479560117577,4.092700305365712,0.0206324014161885,539.8491176470588,0.7939508506616257,0.27499999999999997,0.3979772749349369,0.24688885909155858,0.5879669356111807,0.08214610488026675,0.2575844304522038,0.11341371514694801,-0.03773332605785346,0.11790020645162756,0.20780376000459327,Software—Infrastructure,Technology,ORCL
2016Q1,2016,Q1,2015-09-18,2015-08-31,1747000000.0,8448000000.0,2654000000.0,0.4,6598000000.0,0.7810132575757576,109706000000.0,47097000000.0,62122000000.0,15391000000.0,62168000000.0,251000000.0,24964000000.0,160117530000.0,185428530000.0,10.909659485753997,4.03625495419401,0.3832971760888192,0.8928381850224005,0.02251516380090533,10.909659485753997,0.03709365777013398,18.953306107954546,22.913212650257584,3.3997394738518376,0.3720663995420721,7.370517928286852,0.004059518030286877,0.07700581554336135,3.8597232148658307,0.01592437970575903,29.59658595194085,0.7810132575757576,-0.3548387096774193,0.5043768752407229,0.31104404125543356,0.7078411691085649,-0.23748988790015024,-0.36634022488211826,-0.33350075339025614,-0.031674755927094296,0.16419789612348615,0.22544514567990726,Software—Infrastructure,Technology,ORCL
2015Q4,2015,Q4,2015-06-25,2015-05-31,2757000000.0,10706000000.0,3982000000.0,0.62,8653000000.0,0.808238371006912,110903000000.0,48663000000.0,63183000000.0,15291000000.0,61805000000.0,314000000.0,26503000000.0,190880610000.0,211122610000.0,11.163799036476256,4.1320384539925445,0.3783306132385959,0.8622156463843166,0.03276873837046783,11.163799036476256,0.056654953455397325,17.82931160097142,17.308724156692058,3.922499845878799,0.23757707653246282,6.538216560509555,0.0034314643064059782,0.09653480969856541,3.922961219017723,0.024859561959550237,51.78529842647857,0.808238371006912,0.10714285714285703,0.34526752914497677,0.2987056594378855,0.8218473263630645,0.16507338090749965,0.10501002004008016,0.17706177948566362,-0.10825546537750237,0.09506069036142535,0.24368728050105146,Software—Infrastructure,Technology,ORCL
2015Q3,2015,Q3,2015-03-19,2015-02-28,2495000000.0,9327000000.0,3383000000.0,0.56,7427000000.0,0.7962903398734856,98816000000.0,48095000000.0,51294000000.0,13792000000.0,50284000000.0,285000000.0,26165000000.0,192325980000.0,210881980000.0,10.958077010708589,3.71911252900232,0.3264349902849741,0.6706934192743529,0.03334765523758953,10.958077010708589,0.05187649443809128,20.62034737857832,19.271140280561124,3.9988768063208235,0.2124248496993988,6.666666666666667,0.002755737940344825,0.09438754857512953,3.4770156612529,0.025248947538860103,101.49128232189973,0.7962903398734856,0.0,1.3976956306202466,0.6641635674559178,0.9298622070762597,-0.03532926354071957,-0.002797761790567546,-0.04488989271597967,0.139436497933822,0.1771548625357559,0.27975862646929084,Software—Infrastructure,Technology,ORCL
2015Q2,2015,Q2,2014-12-19,2014-11-30,2502000000.0,9598000000.0,3542000000.0,0.56,7699000000.0,0.802146280475099,98305000000.0,47543000000.0,52040000000.0,11985000000.0,50343000000.0,208000000.0,25972000000.0,185867360000.0,230750360000.0,10.763640479963776,4.34209428452232,0.33015614668633336,0.6826662179500662,0.03388725442579809,10.763640479963776,0.05262604379193572,19.365217753698687,18.57187849720224,3.9094579643690976,0.21302957633892886,9.129807692307692,0.0028676363617581913,0.09763491175423428,4.0933667083854814,0.025451401251207977,222.06375149342892,0.802146280475099,0.16666666666666682,0.9464359084010433,0.8584107323631585,0.9587315682183182,0.11337671728127259,0.14560439560439561,0.19541005737428283,0.30267492551175046,0.24589764338008316,0.2943585796635829,Software—Infrastructure,Technology,ORCL
2015Q1,2015,Q1,2014-09-23,2014-08-31,2184000000.0,8596000000.0,2963000000.0,0.48,6915000000.0,0.8044439274080968,99726000000.0,47354000000.0,58194000000.0,13377000000.0,51795000000.0,179000000.0,25838000000.0,184850030000.0,220675030000.0,10.638957537631994,4.350302758466023,0.32656478751779877,0.6877349326350467,0.029790234633742762,10.638957537631994,0.04612070785994847,21.504191484411354,21.159573031135533,3.903577944840985,0.24587912087912087,9.391061452513966,0.002905057683788312,0.08619617752642239,4.124018838304552,0.02190000601648517,28.320825800520915,0.8044439274080968,-0.40809654415798136,1.186652445649784,0.9140558534886803,1.038424752553213,-0.24119389882585318,-0.40098738343390017,-0.39641474842126706,0.3498930382034324,0.16742233197435744,0.3169911732244241,Software—Infrastructure,Technology,ORCL
2014Q4,2014,Q4,2014-05-31,2014-05-31,3646000000.0,11320000000.0,4909000000.0,0.8109430604982206,9113000000.0,0.805035335689046,90344000000.0,46878000000.0,48138000000.0,14389000000.0,42897000000.0,189000000.0,25965000000.0,188921920000.0,195327920000.0,10.426601423487545,3.3454722357356315,0.2675883290533959,0.5157003285123085,0.05490398506629462,10.426601423487545,0.07777635564657195,16.68921554770318,12.954053757542514,4.030076368445753,0.14755896873285793,11.677248677248677,0.002847737308619349,0.12529885769945984,3.120856209604559,0.04035685823076242,43.91490469549047,0.805035335689046,0.4481126080325367,1.1480770967930127,0.8381618005945204,1.0815801725886454,0.19420783645655879,0.4214424951267057,0.37622652088589853,0.27921276791585936,0.18283723196076326,0.3269171461608496,Software—Infrastructure,Technology,ORCL
2014Q3,2014,Q3,2014-02-28,2014-02-28,2565000000.0,9307000000.0,3567000000.0,0.56,7631000000.0,0.8199204899537982,86562000000.0,44707000000.0,44404000000.0,13092000000.0,41327000000.0,227000000.0,24606000000.0,175838560000.0,183199560000.0,9.943727758007118,3.3916895814237704,0.2794875349460502,0.5411456818842687,0.04087159116950577,9.943727758007118,0.05737356566085848,18.893151391425807,17.138261208577,3.9331326190529445,0.21091617933723197,7.383259911894273,0.003076685796335002,0.10751831057507913,3.154292697830736,0.029631940112289458,61.055055555555555,0.8199204899537982,0.0,1.1485237944136952,0.8999929762127739,1.1566216331769998,0.00992588671254632,0.004700352526439483,0.046041055718475075,0.3634473028745569,0.19446656067120247,0.3732810244488077,Software—Infrastructure,Technology,ORCL
2014Q2,2014,Q2,2013-11-30,2013-11-30,2553000000.0,9275000000.0,3410000000.0,0.56,7556000000.0,0.8146630727762804,85238000000.0,43563000000.0,44252000000.0,13110000000.0,41172000000.0,234000000.0,24386000000.0,160040150000.0,169312150000.0,9.605953693495039,3.375438596491228,0.2835120486168141,0.5547368179418314,0.04013040952951711,9.605953693495039,0.0586047792851732,17.25500269541779,15.671773403838623,3.6737632853568396,0.2134743439091265,7.346153846153846,0.0034053954585771136,0.10881297074074943,3.140045766590389,0.029951430113329736,156.90210784313726,0.8146630727762804,0.19148936170212785,1.2270595981869405,0.8701196272024905,1.158087927196401,0.12123460454073305,0.16522136010953903,0.18691263487643578,0.5184727225559962,0.20205183177425526,0.40800971841186146,Software—Infrastructure,Technology,ORCL
2014Q1,2014,Q1,2013-08-31,2013-08-31,2191000000.0,8372000000.0,2873000000.0,0.47,6739000000.0,0.804945054945055,86406000000.0,43541000000.0,45457000000.0,14526000000.0,42420000000.0,243000000.0,24830000000.0,146810880000.0,151254880000.0,9.44900173611111,3.1293542613245218,0.27900840219429207,0.5536850324981052,0.03494181467395983,9.44900173611111,0.05032038768057693,17.53593884376493,16.751583751711546,3.3717847545991138,0.252852578731173,6.720164609053498,0.003773562286391853,0.09689141957734416,2.929505713892331,0.025357035391060805,23.914461638703372,0.804945054945055,-0.43096163951655286,1.2745215619519243,0.7558358865336916,1.044056808214832,-0.2609935299923237,-0.42433000525486075,-0.4254,0.7675662470208744,0.21720064464291,0.47918403805190435,Software—Infrastructure,Technology,ORCL
2013Q4,2013,Q4,2013-06-26,2013-05-31,3806000000.0,10947000000.0,5000000000.0,0.8259548611111112,9119000000.0,0.8330136110349867,81812000000.0,44648000000.0,41692000000.0,12872000000.0,36667000000.0,240000000.0,25854000000.0,155658240000.0,177142240000.0,9.68923611111111,3.2389683032939716,0.22605485747812057,0.41421788209998206,0.062450099810552065,9.68923611111111,0.08524457982440423,14.219260071252398,10.224529689963216,3.4863429492922418,0.0,7.616666666666666,0.0,0.13380677651200312,2.9727315102548166,0.04652129271989439,35.53029901848893,0.8330136110349867,0.588374732905983,1.0890129820542191,0.6907520605976885,1.1680323320062733,0.2591825462579398,0.5199680511182109,0.4997000599880024,0.7567706863920629,0.25618328620901276,0.5812098413677654,Software—Infrastructure,Technology,ORCL
2013Q3,2013,Q3,2013-03-22,2013-02-28,2504000000.0,8958000000.0,3334000000.0,0.52,7242000000.0,0.8084393837910248,79450000000.0,43348000000.0,40686000000.0,11916000000.0,35660000000.0,211000000.0,24549000000.0,162126400000.0,165777400000.0,9.15480464625132,3.414400805639476,0.24860918816865954,0.4556611608378703,0.042816590504618446,9.15480464625132,0.057765064132139894,18.098504130386246,16.18674121405751,3.740112577281536,0.33945686900958466,8.132701421800947,0.005242822883873324,0.11275015733165512,3.153407183618664,0.03151667715544368,52.67264457439896,0.8084393837910248,-0.018867924528301903,1.0316462040378886,0.8207780747538793,1.2641813268749358,-0.007945205479452055,-0.02983339790778768,-0.039469893402477675,1.2305061444089298,0.48153081462417563,0.6122821077732253,Software—Infrastructure,Technology,ORCL
2013Q2,2013,Q2,2012-12-21,2012-11-30,2581000000.0,9094000000.0,3471000000.0,0.53,7300000000.0,0.8027270727952496,79657000000.0,42983000000.0,41129000000.0,12347000000.0,36247000000.0,164000000.0,24746000000.0,154182600000.0,158027600000.0,8.96974123539232,3.3310925730946788,0.24802591109381472,0.4596468371216528,0.04353356768545371,8.96974123539232,0.06004699532373264,16.954321530679568,14.934385896939169,3.5870600004653004,0.11274699728787292,10.939024390243903,0.0018873725050686655,0.11416448020889564,3.0854458572932697,0.032401421092935964,264.46415094339625,0.8027270727952496,0.29268292682926844,1.1184618582774821,0.8305946732853897,1.3824785608388517,0.13955666562597566,0.2689282202556539,0.20562695380340396,0.8507655076705348,0.6230298192446613,0.6322837379432467,Software—Infrastructure,Technology,ORCL
2013Q1,2013,Q1,2012-09-24,2012-08-31,2034000000.0,8181000000.0,2879000000.0,0.41,6406000000.0,0.7830338589414497,76558000000.0,43329000000.0,38172000000.0,13955000000.0,32822000000.0,148000000.0,25117000000.0,154040550000.0,153144550000.0,8.902609410314362,2.7353636689358654,0.19293868700854255,0.3409033211013409,0.0373019157097885,8.902609410314362,0.046943155854046945,18.82906123945728,18.933204277286137,3.555137436820605,0.14355948869223206,11.993243243243244,0.0018956047612138493,0.10686015831134564,2.535435327839484,0.02656809216541707,27.845363340563992,0.7830338589414497,-0.4219380069524913,1.5423258680912266,0.8965470701494372,1.5579046436157653,-0.2810325476992144,-0.4107763615295481,-0.373449401523395,0.8624058314145597,0.6659456948579748,0.705740371658365,Software—Infrastructure,Technology,ORCL
2012Q4,2012,Q4,2012-06-26,2012-05-31,3452000000.0,10916000000.0,4595000000.0,0.7092664885966714,8910000000.0,0.8162330524001465,78327000000.0,43688000000.0,40023000000.0,15388000000.0,34240000000.0,158000000.0,26087000000.0,128829490000.0,130348490000.0,8.976371481405383,2.6009227969846633,0.21032338784837923,0.3770829518403223,0.06015373064177022,8.976371481405383,0.07901483244826955,11.801895382924148,9.330061558516801,2.948853003112983,0.08574739281575898,12.69620253164557,0.002297610585899238,0.13936445925415247,2.4079152586430985,0.04407164834603649,33.549346354166666,0.8162330524001465,0.44748262978912534,1.2595709206539842,0.9662060385954149,1.7111093013760568,0.2494741270509045,0.3819055244195356,0.38528791076273744,0.8787497839136579,0.6374414999397918,0.7920543941952796,Software—Infrastructure,Technology,ORCL
2012Q3,2012,Q3,2012-03-23,2012-02-29,2498000000.0,9039000000.0,3317000000.0,0.49,7131000000.0,0.7889147029538666,74361000000.0,42873000000.0,37538000000.0,11632000000.0,31095000000.0,172000000.0,25116000000.0,146479785000.0,163436785000.0,8.562612342720191,3.2271320495185694,0.19871975901346137,0.34466913908520513,0.04565663189006966,8.562612342720191,0.05826510857649336,16.205308662462663,14.659706265012009,3.416597508921699,0.12089671737389912,11.093023255813954,0.002061717936027828,0.12155565417355872,2.9571870701513068,0.0335928779871169,51.07384414225941,0.7889147029538666,0.13953488372093023,1.4916099068274404,1.1099686085153644,1.7974489947497607,0.04315389116442364,0.1395985401459854,0.0662166505946641,0.8788579359851814,0.6569575380090468,0.8570817166579088,Software—Infrastructure,Technology,ORCL
2012Q2,2012,Q2,2011-12-23,2011-11-30,2192000000.0,8792000000.0,3111000000.0,0.43,6836000000.0,0.7775250227479527,72910000000.0,41920000000.0,38482000000.0,11072000000.0,30643000000.0,218000000.0,24383000000.0,158035350000.0,177253350000.0,8.315810355088276,3.475614161849711,0.20268824578247155,0.3525286259541985,0.040633207901894626,8.315810355088276,0.052290076335877865,17.974903321201094,18.024104698905113,3.7699272423664123,0.13822992700729927,8.972477064220184,0.0019172925551150422,0.12058702509943767,3.2014089595375723,0.03006446303662049,140.35111012433393,0.7775250227479527,0.19444444444444448,1.3311078730418837,1.1718486836954507,1.778726368491532,0.0704666457876605,0.19130434782608696,0.1595229221021245,0.720212773773575,0.5947908795814395,0.8682423947477146,Software—Infrastructure,Technology,ORCL
2012Q1,2012,Q1,2011-09-23,2011-08-31,1840000000.0,8374000000.0,2683000000.0,0.36,6386000000.0,0.7625985192261763,73859000000.0,40892000000.0,39206000000.0,13056000000.0,32620000000.0,259000000.0,23385000000.0,142090340000.0,162215340000.0,8.078229948636903,3.0029105392156863,0.2002328761559187,0.361659982392644,0.03588051962561696,8.078229948636903,0.04499657634745183,16.968036780511106,19.305752717391304,3.4747711043724934,0.16521739130434782,7.675675675675675,0.002139483936768678,0.11337819358507427,2.746170343137255,0.024912332958745717,27.008237977570804,0.7625985192261763,-0.4321221564350265,1.8303602493262647,1.4033457144771584,1.8286546507845307,-0.25795956309551477,-0.4266126519164849,-0.38449185593025925,0.7388248302295731,0.5987405394640873,0.7475243825737874,Software—Infrastructure,Technology,ORCL
2011Q4,2011,Q4,2011-06-28,2011-05-31,3209000000.0,10775000000.0,4359000000.0,0.6339391544843935,8606000000.0,0.7987006960556845,73535000000.0,39776000000.0,39174000000.0,14192000000.0,33290000000.0,303000000.0,22581000000.0,173221640000.0,172980640000.0,7.8577637297510865,2.7602874859075537,0.21652274427143536,0.40029163314561544,0.06022557156257111,7.8577637297510865,0.08067679002413515,16.07625429234339,13.494985976939857,4.354928600160901,0.09473356185727641,7.158415841584159,0.0017549770340472472,0.14652886380635072,2.499718151071026,0.043639083429659345,46.829316031359824,0.7987006960556845,0.5461930597180331,1.544046591496216,1.289205075370905,1.7307456287044645,0.27458530805687204,0.5165406427221172,0.4593237361901574,0.6033650092801156,0.5149294759623575,0.7582279581184624,Software—Infrastructure,Technology,ORCL
2011Q3,2011,Q3,2011-03-29,2011-02-28,2116000000.0,8764000000.0,2987000000.0,0.41,6752000000.0,0.7704244637151986,67666000000.0,36617000000.0,32459000000.0,11282000000.0,30607000000.0,276000000.0,20059000000.0,166375300000.0,181754300000.0,7.240854261419814,2.87706080482184,0.21801200011822777,0.4028729824944698,0.04395890604564634,7.240854261419814,0.0577873665237458,18.98394568690096,19.656817107750474,4.543662779583253,0.11956521739130435,7.2898550724637685,0.001520658415041175,0.12951851742381698,2.5571707144123383,0.03127124405166554,65.42481321274086,0.7704244637151986,0.10810810810810806,1.8480581501600704,1.6005638316847879,1.506356985921224,0.05089494163424124,0.13155080213903744,0.07833935018050542,0.6075202394198672,0.6679205348427812,0.790819972990113,Software—Infrastructure,Technology,ORCL
2011Q2,2011,Q2,2010-12-21,2010-11-30,1870000000.0,8582000000.0,2770000000.0,0.37,6425000000.0,0.7486599860172454,67243000000.0,34412000000.0,32723000000.0,13336000000.0,32393000000.0,236000000.0,18422000000.0,136414980000.00002,143029980000.0,6.8223632038065025,2.45373425314937,0.2533349196198861,0.4950308032081832,0.03805147364816261,6.8223632038065025,0.05434150877600837,15.895476578886042,18.23729679144385,3.9641688945716615,0.13529411764705881,9.139830508474576,0.001854635026153286,0.12762666745980994,2.193386322735453,0.027809586127924096,165.7533171324423,0.7486599860172454,0.37037037037037024,1.3935333973315527,1.6627442780566253,1.9012641540248538,0.18106617647058823,0.3831360946745562,0.4449660928534168,0.45819626884338777,0.6412225903485428,0.812107355247905,Software—Infrastructure,Technology,ORCL
2011Q1,2011,Q1,2010-09-20,2010-08-31,1352000000.0,7502000000.0,1917000000.0,0.27,5440000000.0,0.7251399626766196,65255000000.0,32106000000.0,30264000000.0,13800000000.0,32743000000.0,235000000.0,17027000000.0,109792970000.0,114812970000.0,6.387982491046558,2.1930434782608694,0.26109876637805535,0.5306796237463403,0.029380815721134684,6.387982491046558,0.042110508939139105,14.635159957344708,20.301954511834317,3.419702547810378,0.1856508875739645,8.774468085106383,0.0022861208691230413,0.11496437054631829,1.982463768115942,0.02071871887211708,29.681797783184646,0.7251399626766196,-0.425721540414727,1.6682430551881662,1.7760483635385012,1.9022446265914466,-0.2509982101060168,-0.4278459585272958,-0.41909090909090907,0.6364239289030377,0.684120471538725,0.8354000859852635,Software—Infrastructure,Technology,ORCL
2010Q4,2010,Q4,2010-07-01,2010-05-31,2363000000.0,9505000000.0,3300000000.0,0.4701551929964186,7263000000.0,0.7641241451867438,61578000000.0,30798000000.0,27004000000.0,14691000000.0,30379000000.0,259000000.0,16146000000.0,111577200000.0,116318200000.0,6.127735773975329,1.8381321897760534,0.23799084088473155,0.47584258718098577,0.055791750578056236,6.127735773975329,0.07672576141307877,11.738790110468175,11.804612780363945,3.622871615039937,0.10622090562843843,8.656370656370656,0.0022495635309005783,0.15435707557894052,1.6373289769246477,0.03837409464419111,45.69090909090909,0.7641241451867438,1.0441530130279069,1.3562963782070998,1.4978215394440912,1.896213217154345,0.45697091273821466,0.9873843566021867,0.7905588714053174,0.49781361359831605,0.6578929385346822,0.8507435312378939,Software—Infrastructure,Technology,ORCL
2010Q3,2010,Q3,2010-03-29,2010-02-28,1189000000.0,6404000000.0,1843000000.0,0.23,4985000000.0,0.77841973766396,59386000000.0,28476000000.0,23979000000.0,14251000000.0,30535000000.0,315000000.0,14257000000.0,124071099999.99998,133733099999.99998,5.678165503489532,1.6826187635955372,0.3198228538712828,0.6669827222924568,0.029180358815051006,5.678165503489532,0.041754459896052816,19.374000624609618,26.087279226240536,4.357041016996769,0.21194280908326324,4.504761904761905,0.0020310934617328294,0.10783686390731823,1.5007367904006736,0.020021553901592968,72.13436046511627,0.77841973766396,-0.20689655172413784,1.2488305454008342,1.2171646416682156,1.9466629897541419,-0.00815758058097891,-0.18449931412894377,-0.15381083562901746,0.18406658051016347,0.49249740583415125,0.8550855444558607,Software—Infrastructure,Technology,ORCL
2010Q2,2010,Q2,2009-12-22,2009-11-30,1458000000.0,5858000000.0,2178000000.0,0.29,5026000000.0,0.8579720040969614,53833000000.0,27531000000.0,25235000000.0,8534000000.0,25918000000.0,0.0,13541000000.0,110620799999.99998,110453799999.99998,5.495209580838323,2.9569955472228733,0.274032656548957,0.5358323344593368,0.0371239110562472,5.495209580838323,0.05295848316443282,18.883714578354386,18.9679012345679,4.018045112781954,0.17146776406035666,0.0,0.002259972808007174,0.10881801125703565,2.7970471056948676,0.02708375903256367,182.5425742574257,0.8579720040969614,0.31818181818181807,0.8293067852026008,1.1734856846539143,2.273864249637717,0.17649812734082396,0.297153024911032,0.2517241379310345,0.5601211228009336,0.45602966538697765,0.8362231833869967,Software—Infrastructure,Technology,ORCL
2010Q1,2010,Q1,2009-09-21,2009-08-31,1124000000.0,5054000000.0,1740000000.0,0.22,4272000000.0,0.8452710724178868,52998000000.0,26143000000.0,24445000000.0,9160000000.0,26511000000.0,0.0,12563000000.0,109596920000.0,108222920000.0,5.219205430225594,2.6686681222707422,0.2778218045963999,0.5632100371036224,0.030638095966469665,5.219205430225594,0.04299430057759247,21.685184012663235,24.376539145907472,4.19220900432238,0.22330960854092527,0.0,0.002290210345327223,0.09536208913543907,2.527183406113537,0.021208347484810746,29.75751289709476,0.8452710724178868,-0.4172501322051825,1.272175702595838,1.347766435765509,2.3557615752722945,-0.2481520591341077,-0.4056054997355896,-0.3968804159445407,0.7472752031418073,0.46585035824404963,0.8275451191010755,Software—Infrastructure,Technology,ORCL
2009Q4,2009,Q4,2009-06-29,2009-05-31,1891000000.0,6861000000.0,2885000000.0,0.37752046316630067,5682000000.0,0.8281591604722344,47416000000.0,25090000000.0,18581000000.0,9149000000.0,22326000000.0,0.0,11894000000.0,99779280000.00002,101022280000.00002,5.008983829107606,2.030932342332495,0.2159186772397503,0.4080510163411718,0.05605271993937242,5.008983829107606,0.0753686727779992,14.542964582422389,13.191337916446326,3.9768545237146276,0.0,0.0,0.0,0.1446979922389067,1.8640288556126352,0.039881052809178336,50.649380710659905,0.8281591604722344,0.45200178140884867,0.9897997745472292,1.3235612827988945,2.2691529231123813,0.3086135421464763,0.42287434161023324,0.48711340206185566,0.5150186587219927,0.4730786995282332,0.7407319901714883,Software—Infrastructure,Technology,ORCL
2009Q3,2009,Q3,2009-03-23,2009-02-28,1329000000.0,5453000000.0,1940000000.0,0.26,4342000000.0,0.7962589400330093,44949000000.0,23077000000.0,15611000000.0,7972000000.0,21872000000.0,0.0,10468000000.0,77777700000.0,80804700000.0,4.610789210789211,1.95822880080281,0.25001668557698725,0.4869783767387442,0.04151108957231628,4.610789210789211,0.05758980803397322,14.263286264441591,14.630869074492098,3.370355765480782,0.0,0.0,0.0,0.12131526841531513,1.7961615654791772,0.029566842421410933,35.92503464203233,0.7962589400330093,0.040000000000000036,1.1819824270217971,1.2658691647133256,2.248595476896854,-0.015642711403309906,0.02546296296296296,-0.017721518987341773,0.8073698850169436,0.6348936942020514,0.5959834754091218,Software—Infrastructure,Technology,ORCL
2009Q2,2009,Q2,2008-12-22,2008-11-30,1296000000.0,5607000000.0,1975000000.0,0.25,4411000000.0,0.7866952024255395,44802000000.0,22821000000.0,15138000000.0,7963000000.0,21981000000.0,0.0,10177000000.0,79314690000.0,83199690000.0,4.451141018139262,1.901042320733392,0.2508370162046337,0.49244117260418035,0.04115659486194741,4.451141018139262,0.05678979886946234,14.14565543071161,15.299901620370369,3.4755133429735774,0.0,0.0,0.0,0.12515066291683408,1.7454476955921134,0.02892728003214142,117.67758160237389,0.7866952024255395,0.19047619047619052,1.1410456416739296,1.2879377814715203,2.2312353050139997,0.09644543872731792,0.20334261838440112,0.2984878369493754,0.6319793046102679,0.7115250759505641,0.8928830809288882,Software—Infrastructure,Technology,ORCL
2009Q1,2009,Q1,2008-09-22,2008-08-31,1077000000.0,5331000000.0,1521000000.0,0.21,4023000000.0,0.7546426561620709,47253000000.0,23816000000.0,17851000000.0,9247000000.0,23437000000.0,0.0,10593000000.0,112983360000.0,115667360000.0,4.622670807453416,1.9304639342489456,0.23780500708949695,0.4718256634195499,0.03236328004455145,4.622670807453416,0.04522169969768223,21.193652222847497,26.22640668523677,4.744010749076251,0.0,0.0,0.0,0.11281823376293569,1.7606791391802747,0.02279220366960828,38.732725402811106,0.7546426561620709,-0.4688659793814433,1.484785255505364,1.6118291580733353,2.718327948782124,-0.3179043743641913,-0.47128129602356406,-0.48787878787878786,1.073533371629627,0.9244440118658672,1.100212630550718,Software—Infrastructure,Technology,ORCL
2008Q4,2008,Q4,2008-07-02,2008-05-31,2037000000.0,7239000000.0,2970000000.0,0.3953804347826087,5898000000.0,0.8147534189805222,47268000000.0,23025000000.0,18103000000.0,10029000000.0,24243000000.0,0.0,9961000000.0,117671680000.0,120645680000.0,4.469138198757764,1.8050653105992622,0.2377083862232377,0.4879913137893594,0.060041622403359786,4.469138198757764,0.08846905537459283,16.255239673988118,14.441786941580755,5.110604994571118,0.0,0.0,0.0,0.15314800710840315,1.679329943164822,0.04309469408479309,52.36834890965732,0.8147534189805222,0.5206939799331104,1.4234332243843115,1.6092316872170753,2.7188604093777027,0.4364344861178763,0.5201492537313432,0.584,0.9815446056326044,0.8558141923383699,1.1122936102276708,Software—Infrastructure,Technology,ORCL
2008Q3,2008,Q3,2008-04-01,2008-02-29,1340000000.0,5349000000.0,1875000000.0,0.26,4106000000.0,0.7676201159095158,37316000000.0,20815000000.0,15731000000.0,6830000000.0,16501000000.0,0.0,8368000000.0,96782400000.0,94611400000.0,4.043317793317794,2.303221083455344,0.16716689891735448,0.2996877251981744,0.04947962110170251,4.043317793317794,0.06437665145327888,18.093550196298374,18.056417910447763,4.64964688926255,0.0,0.0,0.0,0.14334333797834709,2.0733528550512443,0.0359095294243756,54.834220963172804,0.7676201159095158,0.040000000000000036,1.3973603745932992,1.3685886068850956,2.807988587940236,0.007607361963190184,0.0283960092095165,0.05218855218855219,1.4689487467265243,0.8040626605033384,1.098264816349923,Software—Infrastructure,Technology,ORCL
2008Q2,2008,Q2,2007-12-21,2007-11-30,1303000000.0,5313000000.0,1782000000.0,0.25,4075000000.0,0.766986636551854,35653000000.0,19295000000.0,13558000000.0,6549000000.0,16358000000.0,0.0,7478000000.0,103422500000.0,102927500000.0,3.7648780487804876,2.0702397312566805,0.17496423863349508,0.3232961907229852,0.05010414330118243,3.7648780487804876,0.06753044830266909,19.46593261810653,19.843150422102838,5.360067374967608,0.0,0.0,0.0,0.14901971783580625,1.842876775080165,0.03654671416150113,194.03846153846155,0.766986636551854,0.5625,1.5229549122407113,1.3836074744636575,2.7726948963713873,0.20919881305637983,0.5511904761904762,0.46425636811832377,0.5981490947179411,0.927041594392722,1.2429899109085285,Software—Infrastructure,Technology,ORCL
2008Q1,2008,Q1,2007-09-26,2007-08-31,840000000.0,4529000000.0,1217000000.0,0.16,3370000000.0,0.7440936189004195,34315000000.0,17785000000.0,12173000000.0,6797000000.0,16530000000.0,0.0,6619000000.0,103518380000.0,103301380000.0,3.480430528375734,1.7909371781668384,0.18178639079119918,0.3507450098397526,0.03546184906131624,3.480430528375734,0.04723081248242901,22.85678516228748,30.809041666666666,5.820544278886702,0.0,0.0,0.0,0.13198309777065423,1.5833455936442549,0.0244790907766283,39.601522570772765,0.7440936189004195,-0.4902743142144639,1.5874835256999082,1.3595370295317608,2.2765203875676696,-0.278372591006424,-0.4763092269326683,-0.46646207803594913,0.6645046693758913,1.062301246173351,1.2377917843373918,Software—Infrastructure,Technology,ORCL
2007Q4,2007,Q4,2007-06-29,2007-05-31,1604000000.0,5829000000.0,2281000000.0,0.313894324853229,4670000000.0,0.8011665808886601,34572000000.0,16919000000.0,12883000000.0,9387000000.0,17653000000.0,0.0,6223000000.0,99031800000.0,100406800000.0,3.3109589041095893,1.3724299563225737,0.2196286011801458,0.44878538920739997,0.06592869490907748,3.3109589041095893,0.09480465748566701,16.98950077200206,15.435130922693265,5.853289201489449,0.0,0.0,0.0,0.1686046511627907,1.2367103440928944,0.04639592734004397,47.634343434343435,0.8011665808886601,0.5694716242661448,1.6283866511998715,1.2026996346032992,1.9728248579637708,0.38002364066193856,0.5527589545014521,0.6362984218077475,0.6544450374587363,0.9350442412567215,1.160923522406984,Software—Infrastructure,Technology,ORCL
2007Q3,2007,Q3,2007-03-27,2007-02-28,1033000000.0,4414000000.0,1394000000.0,0.2,3384000000.0,0.7666515632079747,29369000000.0,15791000000.0,10664000000.0,6330000000.0,13312000000.0,0.0,5511000000.0,84813960000.0,85302960000.0,3.0608645086257025,1.6846761453396524,0.19541012632367463,0.3634348679627636,0.04757006499251103,3.0608645086257025,0.06541700968906339,19.2147621205256,20.526127783155857,5.3710316002786405,0.0,0.0,0.0,0.15029452824406686,1.5154818325434438,0.03517314174810174,62.271629955947134,0.7666515632079747,0.11111111111111122,1.1649430108856587,1.1078704816439315,1.806680493422196,0.07839388145315487,0.06825232678386763,0.027266028002947678,0.6453759426611703,0.7793861849232664,1.1565745349728482,Software—Infrastructure,Technology,ORCL
2007Q2,2007,Q2,2006-12-21,2006-11-30,967000000.0,4163000000.0,1357000000.0,0.18,3138000000.0,0.7537833293298102,28927000000.0,15514000000.0,11662000000.0,6096000000.0,12998000000.0,0.0,5367000000.0,,,,,,,,,,,,,,,,,,,,,,,,,,,,,,,Software—Infrastructure,Technology,ORCL
2007Q1,2007,Q1,2006-09-25,2006-08-31,670000000.0,3591000000.0,943000000.0,0.13,2611000000.0,0.7270955165692008,28848000000.0,14899000000.0,11691000000.0,6698000000.0,13626000000.0,0.0,5295000000.0,,,,,,,,,,,,,,,,,,,,,,,,,,,,,,,Software—Infrastructure,Technology,ORCL
