Quarters,Year,Quarter,FillingDate,Date,NetIncome,Revenue,OperatingIncome,EPSDiluted,GrossProfit,GrossProfitRatio,TotalAssets,CommonStockEquity,CurrentAssets,CurrentLiability,TotalLiability,Inventory,RetainedEarnings,MarketCap,EnterpriseValue,bookValuePerShare,currentRatio,debtToAssets,debtToEquity,roic,shareholdersEquityPerShare,roe,priceToSalesRatio,peRatio,pbRatio,payoutRatio,inventoryTurnover,dividendYield,assetTurnover,quickRatio,returnOnAssets,priceToFreeCashFlowsRatio,grossProfitMargin,epsdilutedGrowth,fiveYNetIncomeGrowthPerShare,fiveYRevenueGrowthPerShare,fiveYShareholdersEquityGrowthPerShare,grossProfitGrowth,netIncomeGrowth,operatingIncomeGrowth,threeYNetIncomeGrowthPerShare,threeYRevenueGrowthPerShare,threeYShareholdersEquityGrowthPerShare,Industry,Sector,Symbol
2023Q1,2023,Q1,2023-02-23,2023-03-31,10108000.0,142440000.0,15347000.0,0.2,38885000.0,0.272992137,521036000.0,255144000.0,270415000.0,172119000.0,251967000.0,0.0,0.0,669137590.0,661835590.0,5.197156417411851,1.5710932552478227,0.18272057976800068,0.3731383062113944,0.03279432576392943,5.197156417411851,0.03961684382152823,4.697680356641393,16.54970295805303,2.6225879895274824,0.0,0.0,0.0,0.2733784229880469,1.5710932552478227,0.01939981114548707,37.9954341036852,0.27299213704015723,-0.13043478260869565,1.000449819476338,0.8512722253146124,0.10673226746491855,-0.07020396451543483,0.003873274406594498,0.051668608236825876,0.72222863213666,0.6670771134545331,0.041874340271110026,Information Technology Services,Technology,MGIC
2022Q4,2022,Q4,2022-12-31,2022-12-31,10069000.0,147146000.0,14593000.0,0.23,41821000.0,0.2842143178,510970000.0,263652000.0,250983000.0,132641000.0,205702000.0,0.0,86289000.0,786612229.7,783342229.7,5.37046014706781,1.8921977367480642,0.15615789576687478,0.3026413605813724,0.03349269173453242,5.37046014706781,0.03819049352934929,5.345794175172958,19.53054498212335,2.9835246070577885,0.0,0.0,0.0,0.2879738536508993,1.8921977367480642,0.019705657866410944,77.27035655206288,0.28421431775243633,0.0,1.4029071605499097,1.0123872076069758,0.13581576138855495,0.06244442750806595,-0.12390150526407379,-0.0942213394575135,0.9593287853854033,0.6126174400645089,0.060080701323866205,Information Technology Services,Technology,MGIC
2022Q3,2022,Q3,2022-09-30,2022-09-30,11493000.0,143963000.0,16111000.0,0.23,39363000.0,0.2734244216,496488000.0,251845000.0,243128000.0,123230000.0,206784000.0,0.0,0.0,763887080.0,765446080.0,5.129957427739189,1.9729611295950662,0.1698349204814618,0.33481307947348565,0.037611291454328816,5.129957427739189,0.045635212134447774,5.306134770739704,16.616355172713828,3.033163572832496,1.2387540241886366,0.0,0.018637571406496363,0.2899626979906866,1.9729611295950662,0.023148595736452844,38.099106234413966,0.2734244215527601,0.43750000000000006,1.739153096341094,0.9851603340533062,0.11170669804599852,0.07569753778044981,0.21144724359650047,0.09353152786262132,1.3088170810186988,0.6703544712225704,0.011384460454821981,Information Technology Services,Technology,MGIC
2022Q2,2022,Q2,2022-06-30,2022-06-30,9487000.0,136978000.0,14733000.0,0.16,36593000.0,0.267145089,494446000.0,257250000.0,246797000.0,106701000.0,198608000.0,0.0,0.0,872382610.0,865236610.0,5.240054590267452,2.312977385404073,0.1640361131448126,0.3152847424684159,0.030451128314059696,5.240054590267452,0.03687852283770651,6.368779001007461,22.988895593970696,3.3911860447035957,0.0,0.0,0.0,0.2770332857379775,2.312977385404073,0.019187130647229423,476.9724494259158,0.2671450889923929,-0.30434782608695654,1.3957262418849359,0.8933245795230002,0.12722517552706097,-0.026212145404225878,-0.15021497671085632,-0.07583741061347385,0.9540774383616636,0.7702359836766748,0.02723139123001594,Information Technology Services,Technology,MGIC
2022Q1,2022,Q1,2022-03-31,2022-03-31,11164000.0,138705000.0,15942000.0,0.23,37578000.0,0.2709202985,541156000.0,261979000.0,273977000.0,138977000.0,239321000.0,0.0,0.0,844941970.0,817767970.0,5.34225820265503,1.9713837541463695,0.1542494216085565,0.3186247752682467,0.03357117959180888,5.34225820265503,0.0426141026570832,6.091647525323529,18.921129747402365,3.2252278617751804,0.0,0.0,0.0,0.2563124126869147,1.9713837541463695,0.020629910783581815,86.1921830052025,0.2709202984751811,0.3529411764705882,1.370437270919917,1.0662895328891462,0.18416281953055122,0.005431438127090301,0.35091965150048404,0.7075835475578406,1.0786273392614645,0.9254033498776854,0.07180239357417914,Information Technology Services,Technology,MGIC
2021Q4,2021,Q4,2021-12-31,2021-12-31,8264000.0,133002000.0,9336000.0,0.17,37375000.0,0.2810108119,492045000.0,265248000.0,246779000.0,106252000.0,216377000.0,0.0,43246000.0,1027097890.0,1001108890.0,5.405171886780918,2.322582163159282,0.12621000111778394,0.2341242912293401,0.018503066403683332,5.405171886780918,0.03115574858245868,7.722424399633089,31.07145117376573,3.872217283447943,0.0,0.0,0.0,0.2703045453159772,2.322582163159282,0.01679521182005711,206.4103476688103,0.2810108118674907,0.13333333333333347,1.2244332740200454,1.1801847617886705,0.22186447833559814,0.14555875681971434,0.10230758970254769,-0.2251639140177608,0.31767553589985764,0.8310654283151949,0.08213776304852861,Information Technology Services,Technology,MGIC
2021Q3,2021,Q3,2021-09-30,2021-09-30,7497000.0,120870000.0,12049000.0,0.15,32626000.0,0.2699263672,471062000.0,259866000.0,232811000.0,95639000.0,201494000.0,0.0,0.0,981200000.0,950035000.0,5.296901752955565,2.4342684469724696,0.14010682245649192,0.2539732015731185,0.027583076554688755,5.296901752955565,0.028849483964812635,8.117812525854223,32.71975456849407,3.775792139025498,1.531279178338002,0.0,0.01169995923359152,0.25659042758702677,2.4342684469724696,0.015915102470587736,190.37640667442764,0.2699263671713411,-0.06250000000000006,0.6921975842467603,1.0057987830693869,0.18933572672934018,-0.005426167540543836,-0.03637532133676093,-0.05081140696391996,0.47812008676901757,0.6666939714289275,0.06271665238305717,Information Technology Services,Technology,MGIC
2021Q2,2021,Q2,2021-06-30,2021-06-30,7780000.0,119155000.0,12694000.0,0.16,32804000.0,0.2753052746,475508000.0,263557000.0,232691000.0,96944000.0,202760000.0,0.0,0.0,796162650.0,753834650.0,5.372683722352462,2.400262006931837,0.12711878664501963,0.22934697238168594,0.02915900711197762,5.372683722352462,0.02951923113406208,6.681739331123326,25.583632712082263,3.020836669107631,1.3239074550128536,0.0,0.012937055010053536,0.25058463790304264,2.400262006931837,0.01636144922903505,71.09864707983569,0.27530527464227267,0.06666666666666674,0.7203637994894106,1.2742270619019385,0.21500296798868654,0.08662095465235682,0.03141985947235848,0.03980996068152032,0.2337548257984278,0.5389149727706141,0.13672186138094058,Information Technology Services,Technology,MGIC
2021Q1,2021,Q1,2021-03-31,2021-03-31,7543000.0,107298000.0,12208000.0,0.15,30189000.0,0.2813565956,455010000.0,254239000.0,224326000.0,103571000.0,192211000.0,0.0,0.0,745822350.0,695343350.0,5.18484755786683,2.165915169304149,0.05908002021933584,0.10573515471662491,0.03179265692894859,5.18484755786683,0.029668933562514013,6.95094363361852,24.71902260373857,2.9335481574424067,0.0,0.0,0.0,0.23581459748137404,2.165915169304149,0.016577657633898155,51.3192286520333,0.28135659564949955,0.3636363636363636,0.8494087571253169,1.1720750842290502,0.19551187429864195,-0.022535211267605635,0.15850099831055137,0.4540257265364459,0.4945826230480641,0.3961861956586488,0.10411110101540978,Information Technology Services,Technology,MGIC
2020Q4,2020,Q4,2020-12-31,2020-12-31,6511000.0,104573000.0,8396000.0,0.11,30885000.0,0.2953439224,447386000.0,260432000.0,211226000.0,84829000.0,178380000.0,0.0,39720000.0,767397750.0,728673750.0,5.311145100438463,2.4900211012743285,0.06324292668970419,0.10864256312588315,0.023290530482421502,5.311145100438463,0.025000767954782822,7.338392797375996,29.465433497158653,2.9466338621981936,0.0001535862386730149,0.0,1.3031052019633886e-06,0.2337422270701363,2.4478067641962067,0.014553428135882661,78.21809703394149,0.2953439224273952,-0.21428571428571436,0.5991326733193707,0.9739297746916692,0.2316613556705568,0.06141315554333631,-0.08101623147494708,-0.2390102420012689,0.5556494452522731,0.4318451301932732,0.12327103281703891,Information Technology Services,Technology,MGIC
2020Q3,2020,Q3,2020-09-30,2020-09-30,7085000.0,94892000.0,11033000.0,0.14,29098000.0,0.3066433419,422498000.0,247284000.0,194642000.0,77526000.0,161636000.0,0.0,0.0,643777030.0,593200030.0,5.043421508841345,2.510667389004979,0.06820860690464807,0.11653806958800407,0.02967384707452449,5.043421508841345,0.028651267368693487,6.7843130084727905,22.716197247706422,2.6033913637760633,1.211573747353564,0.0,0.013333809067403352,0.22459751288763496,2.510667389004979,0.016769310150580596,55.113177810119,0.3066433419044809,0.16666666666666682,0.5405951586506801,0.8893679649250548,0.1896855367684851,0.1736377203242851,0.2349660101098135,0.12101198943304206,0.690719553743333,0.31015633750423627,0.09295360661874758,Information Technology Services,Technology,MGIC
2020Q2,2020,Q2,2020-07-28,2020-06-30,5737000.0,86521000.0,9842000.0,0.12,24793000.0,0.2865547093,404953000.0,248133000.0,193756000.0,66992000.0,143380000.0,0.0,0.0,553722600.0,499949600.0,5.06373209256765,2.8922259374253643,0.06235291502964541,0.10175994325623758,0.02523035391275864,5.06373209256765,0.023120665127169704,6.399863616925371,24.129449189471853,2.2315556576513402,0.673348439951194,0.0,0.006976417433566915,0.21365689351603767,2.8922259374253643,0.014167076179210921,42.80808658678006,0.2865547092613354,0.0,0.2639043487612551,0.837734727088938,0.1854953921858993,-0.01583836138456653,-0.019818896292499572,0.12531442945346444,0.4514393909578035,0.19812339527345002,0.0892951969371082,Information Technology Services,Technology,MGIC
2020Q1,2020,Q1,2020-04-30,2020-03-31,5853000.0,85208000.0,8746000.0,0.12,25192000.0,0.2956529903,387347000.0,244216000.0,193576000.0,63540000.0,125781000.0,0.0,0.0,393622319.99999994,336886319.99999994,4.988275664855591,3.0465218759836326,0.05137512359718805,0.08148524257214924,0.02469355620098253,4.988275664855591,0.023966488682150226,4.619546521453384,16.81284469502819,1.6117794083925703,0.009396890483512728,0.0,0.00013972784876629965,0.21997846891805023,3.0465218759836326,0.015110482332378978,33.37196439169139,0.2956529903295465,0.1999999999999999,0.2371937810044205,0.9071125273305766,0.20271441724100606,-0.09602411367877135,0.14294083186877563,0.0018327605956471936,0.24481582527515947,0.27144438506164176,0.10569919158070029,Information Technology Services,Technology,MGIC
2019Q4,2019,Q4,2020-01-29,2019-12-31,5121000.0,90927000.0,8730000.0,0.1,27868000.0,0.3064876219,404606000.0,247838000.0,205050000.0,66883000.0,139909000.0,0.0,28354000.0,478447379.99999994,419151379.99999994,5.0660861388769645,3.0658014742161686,0.05590376811021092,0.09126526198565192,0.02336974916375636,5.0660861388769645,0.020662690951347252,5.261884588736018,23.35712653778559,1.9304843486471002,0.0,0.0,0.0,0.22472973707755198,2.999013202158994,0.012656757438100276,40.151676737160116,0.3064876219384781,0.0,0.5748908586255983,0.930953308394014,0.20919221314928946,0.017637392733248127,0.03287615974183138,0.02754237288135593,0.38271009285685864,0.4951173229298211,0.14521255326232366,Information Technology Services,Technology,MGIC
2019Q3,2019,Q3,2019-10-22,2019-09-30,4958000.0,85843000.0,8496000.0,0.1,27385000.0,0.3190126161,401305000.0,248016000.0,203212000.0,63261000.0,147554000.0,0.0,0.0,449363430.0,400836430.0,5.072213019203632,3.212279287396658,0.07067442468945066,0.11435552544997096,0.02451367220114793,5.072213019203632,0.01999064576478937,5.234712556644106,22.658502924566356,1.8118324221017998,1.5385235982250907,0.0,0.01697512412169366,0.21390961986518983,3.212279287396658,0.012354692814692068,92.70959975242418,0.3190126160548909,0.25000000000000006,0.05692477638001853,0.9285532850299941,0.2159556204133357,0.11393589326391149,0.025439503619441573,0.05697934809654143,0.12283362997717154,0.4292857292825108,0.13888541616889968,Information Technology Services,Technology,MGIC
2019Q2,2019,Q2,2019-07-17,2019-06-30,4835000.0,77060000.0,8038000.0,0.08,24584000.0,0.319024137,398965000.0,249400000.0,213441000.0,62631000.0,144112000.0,0.0,0.0,444908100.0,376339100.0,5.101143359718558,3.407913014321981,0.07213414710563583,0.11539294306335204,0.021313878048466375,5.101143359718558,0.01938652766639936,5.773528419413444,23.00455532574974,1.783913793103448,0.0,0.0,0.0,0.19314977504292358,3.407913014321981,0.012118857543894829,31.32714406421631,0.3190241370360758,-0.2727272727272727,0.13368049548752495,0.7128944073261877,0.20655344295184677,0.10281715413601292,-0.09676816738277601,-0.041726275631855034,0.07273274256272218,0.4757232394364268,0.15359560370325281,Information Technology Services,Technology,MGIC
2019Q1,2019,Q1,2019-04-29,2019-03-31,5353000.0,71800000.0,8388000.0,0.11,22292000.0,0.3104735376,387665000.0,243616000.0,209598000.0,59928000.0,139201000.0,0.0,0.0,415446000.0,355195000.0,4.984368606268926,3.497496996395675,0.07333909432112778,0.11670415736240641,0.02371030461794362,4.984368606268926,0.02197310521476422,5.786155988857939,19.40248458808145,1.7053313411270195,1.3702596674761816,0.0,0.017655724209644577,0.18521145834676847,3.497496996395675,0.013808313879251416,43.91142585350386,0.31047353760445684,-0.15384615384615388,-0.037448539497150685,0.4172209177272484,0.07791149194281587,0.00914440923494794,-0.1424223005446972,-0.006161137440758294,0.3167295099698046,0.45820362882337484,0.1492858349585683,Information Technology Services,Technology,MGIC
2018Q4,2018,Q4,2019-01-23,2018-12-31,6242000.0,72293000.0,8440000.0,0.13,22090000.0,0.3055620876,362285000.0,243956000.0,211223000.0,52922000.0,113916000.0,0.0,30522000.0,372656830.0,313579830.0,4.994901824286972,3.9912134839953137,0.07742247125881557,0.1149756513469642,0.022980781668711297,4.994901824286972,0.025586581186771384,5.154812084157526,14.925377683434798,1.527557551361721,0.0003204101249599487,0.0,5.366867957310752e-06,0.199547317719475,3.921072521824572,0.01722952923803083,145.51223350253807,0.3055620876156751,0.3,0.010456942022695844,0.3324479680397718,0.445373599594091,0.027011948486679996,0.23726461843409316,0.09510834306474633,0.539154435040787,0.37002978926131586,0.15832413462677697,Information Technology Services,Technology,MGIC
2018Q3,2018,Q3,2018-10-10,2018-09-30,5045000.0,72135000.0,7707000.0,0.1,21509000.0,0.2981770292,368044000.0,243229000.0,213356000.0,54608000.0,120587000.0,0.0,0.0,425039290.00000006,352363290.00000006,4.984302957027808,3.9070465865807207,0.09260034126354458,0.14011898252264327,0.02226805582698016,4.984302957027808,0.02074177010142705,5.8922754557427055,21.062402874132804,1.747486072795596,1.4993062438057483,0.0,0.017796001870791753,0.19599558748410517,3.9070465865807207,0.013707600178239559,134.20880644142724,0.298177029181396,-0.1666666666666666,-0.08988667888624108,0.5314030189095322,0.5069659193276636,-0.02254033174278573,-0.11785277146354257,-0.034815278647464,0.10222351778665993,0.4430879883704743,0.17574014554469622,Information Technology Services,Technology,MGIC
2018Q2,2018,Q2,2018-07-10,2018-06-30,5719000.0,70221000.0,7985000.0,0.12,22005000.0,0.313367796,338991000.0,210276000.0,183277000.0,58748000.0,124755000.0,0.0,29993000.0,369258700.00000006,325845700.00000006,4.726471712108611,3.119714713692381,0.10267824219522052,0.16553006524757938,0.026906659493962475,4.726471712108611,0.02719758793205121,5.258522379345211,16.141751180276273,1.7560667884114212,0.0036719706242350062,0.0,5.687069796865991e-05,0.2071470924006832,3.119714713692381,0.016870654383154715,48.74702310231024,0.31336779595847397,0.1999999999999999,0.361817819147365,0.6747121093535541,0.45750037485202616,-0.05208064099250452,0.24896265560165975,0.05537932857520486,0.3877480212616868,0.642818041388041,0.10653769464342952,Information Technology Services,Technology,MGIC
2018Q1,2018,Q1,2018-04-11,2018-03-31,4579000.0,69726000.0,7566000.0,0.1,23214000.0,0.3329317615,340411000.0,208918000.0,179688000.0,59040000.0,127785000.0,0.0,0.0,360360900.0,324716900.0,4.695947312818899,3.0434959349593496,0.10897708945950631,0.17756727519888185,0.02292702713714099,4.695947312818899,0.02191769019423889,5.16824283624473,19.67465057872898,1.7248915842579384,1.3007206813714784,0.0,0.016527875249506812,0.20482886863232974,3.0434959349593496,0.013451386706070016,57.95447089096172,0.332931761466311,0.11111111111111122,0.07000355297223629,0.7164198287158943,0.4816393575321585,0.09582703927492447,0.20626975763962066,0.33769448373408767,0.06512571942693937,0.7173615007133453,0.13223163978748462,Information Technology Services,Technology,MGIC
2017Q4,2017,Q4,2018-01-16,2017-12-31,3796000.0,66239000.0,5656000.0,0.09,21184000.0,0.3198115914,342539000.0,210281000.0,181640000.0,59237000.0,128976000.0,0.0,25713000.0,386915099.99999994,348424099.99999994,4.728284577159175,3.0663267890001182,0.10972473207430394,0.17873702331641947,0.017295299759492365,4.728284577159175,0.018052035133939822,5.841197783782967,25.481763698630136,1.8399907742496944,0.00026343519494204424,0.0,2.5845463255375663e-06,0.1933765206297677,3.021439303138241,0.011081949792578363,57.93876909254267,0.3198115913585652,0.0,-0.2664032122587196,0.5237276592610406,0.46734744493317815,-0.007031030280303741,-0.0007896814951302974,-0.20293122886133033,0.2841648831906155,0.5473607510998447,0.12856448459878994,Information Technology Services,Technology,MGIC
2017Q3,2017,Q3,2017-10-19,2017-09-30,3799000.0,65661000.0,7096000.0,0.09,21334000.0,0.3249112868,334584000.0,205114000.0,174126000.0,50418000.0,129214000.0,0.0,0.0,386714999.99999994,351971999.99999994,4.614488188976378,3.453647506842794,0.12681718193338593,0.20686545043244245,0.01961122281219165,4.614488188976378,0.01852140760747682,5.889569150637364,25.448473282442745,1.8853661866084224,1.490655435640958,0.0,0.01464385917277582,0.19624668244745713,3.453647506842794,0.011354398297587451,252.0958279009126,0.32491128676078646,0.12499999999999993,-0.24105882208223364,0.6568825981441373,0.4765925785364016,0.027599826597948077,0.05998883928571429,0.1192429022082019,-0.10912391851419799,0.6227241434264552,0.10622578891565256,Information Technology Services,Technology,MGIC
2017Q2,2017,Q2,2017-07-10,2017-06-30,3584000.0,65479000.0,6340000.0,0.08,20761000.0,0.317063486,344579000.0,206548000.0,182581000.0,51449000.0,137531000.0,0.0,0.0,353234400.0,311967400.0,4.648631616852719,3.548776458240199,0.13357459392476037,0.2228392431783411,0.01818053164675384,4.648631616852719,0.0173518988322327,5.394621176254983,24.639676339285717,1.7101806843929739,1.0315290178571428,0.0,0.010466138065828244,0.1900260898081427,3.548776458240199,0.01040109815165753,111.57119393556538,0.31706348600314604,-0.20000000000000004,-0.1830115540009361,0.919162002624381,0.5016326992201517,0.05385786802030457,-0.1592775041050903,0.00015775358889414735,-0.07531192846146455,0.6015359167054605,0.09952261420818229,Information Technology Services,Technology,MGIC
2017Q1,2017,Q1,2017-04-20,2017-03-31,4263000.0,60761000.0,6339000.0,0.1,19700000.0,0.3242211287,336393000.0,200253000.0,175845000.0,52847000.0,135683000.0,0.0,0.0,346226400.0,299939400.0,4.511422005947553,3.3274358052491153,0.12853715743193228,0.21592185884855658,0.020709407021811697,4.511422005947553,0.02128807059070276,5.698168232912559,20.304152005629838,1.7289448847208282,0.0,0.0,0.0,0.18062504273275604,3.3274358052491153,0.012672677493289099,38.645652416564346,0.324221128684518,0.3262599469496023,-0.16953568612284842,0.6591549795802084,0.4968328306900194,0.10283826904775234,0.2695056581298392,0.3968708682238872,-0.1559423209411437,0.32059029437824876,-0.02436717479152555,Information Technology Services,Technology,MGIC
2016Q4,2016,Q4,2017-01-19,2016-12-31,3358000.0,55141000.0,4538000.0,0.0754,17863000.0,0.3239513248,316399000.0,196218000.0,158356000.0,44688000.0,119758000.0,0.0,19825000.0,295783550.4,255870550.39999998,4.423708179276761,3.54359112065879,0.11188720571177532,0.18041667940759767,0.016419187361246302,4.423708179276761,0.017113618526332957,5.364131053118369,22.020812269207862,1.5074231232608628,0.004169148302561048,0.0,4.733190869156597e-05,0.17427678342851904,3.4853875760830646,0.010613181457589943,56.77227454894433,0.3239513247855498,-0.16222222222222224,-0.36846048378541335,0.4849814143135689,0.5318240131994818,-0.047255853645527764,-0.16154806491885143,-0.23922883487007543,-0.40144107349318103,0.11907919551955408,0.2800874250512047,Information Technology Services,Technology,MGIC
2016Q3,2016,Q3,2016-10-13,2016-09-30,4005000.0,54475000.0,5965000.0,0.09,18749000.0,0.3441762276,284112000.0,197520000.0,128018000.0,39388000.0,84455000.0,0.0,0.0,316304200.0,274479200.0,4.453664036076663,3.2501777191022647,0.014459086557413977,0.02079789388416363,0.024285524783486303,4.453664036076663,0.020276427703523694,5.806410279944929,19.74433208489388,1.601378088294856,0.9378277153558052,0.0,0.01187464472491987,0.19173776538829757,3.2501777191022647,0.014096553471870249,67.51423692636072,0.344176227627352,0.0,-0.18348557429997808,0.48897847237184744,0.6077415700448012,0.1564890204786578,-0.020303326810176124,0.12060867931617508,-0.2050238141823635,0.27250061221932775,0.3465312956227226,Information Technology Services,Technology,MGIC
2016Q2,2016,Q2,2016-08-10,2016-06-30,4088000.0,47362000.0,5323000.0,0.09,16212000.0,0.342299734,253685000.0,196087000.0,143821000.0,35196000.0,55584000.0,0.0,0.0,294000720.0,232422720.0,4.421951109507487,4.086288214569837,0.016749118000670124,0.021668953066750984,0.02178391406652921,4.421951109507487,0.020847888947253004,6.2075233309404165,17.979496086105677,1.4993381509228048,0.0,0.0,0.0,0.1866960994934663,4.086288214569837,0.016114472672802884,135.35944751381214,0.3422997339639373,0.12499999999999993,-0.056570409034200235,0.41597760591969263,0.654187226374387,0.05,0.10845986984815618,0.011784831781030222,-0.02337557513706916,0.1332375660014766,0.36359546660847397,Information Technology Services,Technology,MGIC
2016Q1,2016,Q1,2016-04-27,2016-03-31,3688000.0,44668000.0,5261000.0,0.08,15440000.0,0.3456613235,249758000.0,192295000.0,140562000.0,35070000.0,55488000.0,0.0,0.0,300175030.0,237724030.0,4.336926858972913,4.008041060735671,0.013164743471680587,0.017098728516082063,0.020509152992778498,4.336926858972913,0.01917886580514314,6.720135891465927,20.348090428416487,1.5610131828700693,1.0821583514099784,0.0,0.013295576250962648,0.17884512207817166,4.008041060735671,0.014766293772371656,27.62770639668661,0.34566132354258083,0.0,-0.035832235718400364,0.4262693997157975,0.676411103082253,-0.08644458907756937,0.0027188689505165853,0.057912728735169915,-0.1352865013152796,0.10329596256038265,0.3683632070257005,Information Technology Services,Technology,MGIC
2015Q4,2015,Q4,2016-01-11,2015-12-31,3678000.0,47856000.0,4973000.0,0.08,16901000.0,0.3531636576,239846000.0,191008000.0,135302000.0,28357000.0,46740000.0,0.0,15679000.0,244951350.0,186033350.0,4.312179704255559,4.771379200902775,0.013633748321839848,0.017119701792595074,0.019561469302101172,4.312179704255559,0.019255737979561066,5.118508650952859,16.64976549755302,1.2824140873680685,,0.0,,0.19952803048622866,4.696194943047572,0.015334839855573993,0.0,0.3531636576395854,-0.11111111111111106,-0.12257922502819886,0.4063626210884932,0.5808494953608012,0.09130238264350746,-0.1139484461575524,-0.060279667422524566,-0.2863509983072844,0.1052784433501478,0.3382159571566523,Information Technology Services,Technology,MGIC
2015Q3,2015,Q3,2015-10-13,2015-09-30,4151000.0,45333000.0,5292000.0,0.09,15487000.0,0.341627512,240355000.0,187614000.0,136169000.0,33800000.0,50764000.0,0.0,0.0,240310080.0,178657080.0,4.239289587852495,4.0286686390532545,0.025100372365875475,0.03215644887908152,0.02155886915746503,4.239289587852495,0.02212521453622864,5.300996624975183,14.473023367863165,1.2808749880072914,,0.0,,0.18860851656924132,4.0286686390532545,0.01727028769944457,0.0,0.34162751196699975,0.0,0.18467244378576494,0.4677321948763813,1.1095432563094672,0.032329022796960406,0.012933138116154222,-0.013606710158434296,-0.16710325717860258,0.14894254415133684,0.35653257465119026,Information Technology Services,Technology,MGIC
2015Q2,2015,Q2,2015-07-07,2015-06-30,4098000.0,42505000.0,5365000.0,0.09,15002000.0,0.3529467122,236774000.0,188967000.0,141404000.0,34179000.0,45830000.0,0.0,0.0,294638400.0,226218400.0,4.271405967450272,4.137160244594634,0.016391157812935542,0.020537977530468283,0.023223470747464055,4.271405967450272,0.02168632618393688,6.931852723209034,17.974524158125917,1.5592055755766878,,0.0,,0.17951717671703818,4.137160244594634,0.017307643575730444,0.0,0.3529467121515116,-0.10000000000000009,0.5559495475405353,0.43132723341793716,1.2573509204189661,-0.02704455541863934,-0.040505736361507845,-0.07563749138525155,-0.061788802576201306,0.2512104498925524,0.37977869640484996,Information Technology Services,Technology,MGIC
2015Q1,2015,Q1,2015-04-14,2015-03-31,4271000.0,40336000.0,5804000.0,0.1,15419000.0,0.3822639825,228960000.0,183316000.0,134857000.0,33783000.0,44076000.0,0.0,0.0,287293500.0,216652500.0,4.147514649652707,3.9918598111476187,0.014469776380153739,0.018072617774771434,0.028208406193185345,4.147514649652707,0.02329856640991512,7.122508429194764,16.816524233200653,1.5672036265246896,,0.0,,0.1761705101327743,3.9918598111476187,0.018653913347309575,0.0,0.3822639825466085,0.6666666666666669,0.6684281349156121,0.47888305271794196,1.2535963144151119,-0.09571286141575275,0.454700272479564,0.42464408443789886,-0.1644194012992199,0.1061346682500485,0.3760929669588877,Information Technology Services,Technology,MGIC
2014Q4,2014,Q4,2014-12-31,2014-12-31,2936000.0,42518000.0,4074000.0,0.06,17051000.0,0.4010301519,224184000.0,185065000.0,128761000.0,25918000.0,36460000.0,0.0,7269000.0,262823400.0,193651400.0,4.189645023997103,4.96801450729223,0.014911858116547123,0.018063923486342635,0.020479939363426264,4.189645023997103,0.015864696187825898,6.181461969048403,22.379376702997277,1.4201680490638424,,0.0,,0.18965671055918354,4.896172544177792,0.01309638511222924,0.0,0.4010301519356508,-0.4000000000000001,-0.3886832299850083,1.1231922286475011,1.3401000447037044,0.12059674027339642,-0.30705687986783103,-0.26884422110552764,-0.4455259814829856,0.14980586382775604,0.4507735579406454,Information Technology Services,Technology,MGIC
2014Q3,2014,Q3,2014-10-07,2014-09-30,4237000.0,40204000.0,5572000.0,0.1,15216000.0,0.378469804,220147000.0,184229000.0,128900000.0,24589000.0,33467000.0,0.0,0.0,306063450.0,233284450.0,4.171380052077437,5.242181463255927,0.012155514270010492,0.014525400452697458,0.02669947295699152,4.171380052077437,0.022998550716770975,7.612761168042981,18.058971560066084,1.661320693267618,,0.0,,0.18262342889069577,5.242181463255927,0.019246230927516615,0.0,0.378469803999602,0.11111111111111122,2.392209621096859,1.1499956941950238,0.9018225342142486,-0.028848608629052846,0.09994807892004154,0.0867953969182758,-0.1325684882915063,0.10350888320768178,0.505839025991834,Information Technology Services,Technology,MGIC
2014Q2,2014,Q2,2014-07-15,2014-06-30,3852000.0,40633000.0,5127000.0,0.09,15668000.0,0.385597913,227448000.0,186694000.0,133625000.0,29922000.0,39423000.0,0.0,0.0,330743420.0,241402420.0,4.227863580778115,4.465777688657175,0.013194224613977701,0.01607443195817755,0.023394673998496634,4.227863580778115,0.02063269306994333,8.139773583048262,21.465694444444445,1.7715803400216399,,0.0,,0.17864742710421722,4.465777688657175,0.016935739157961382,0.0,0.3855979130263579,-0.18181818181818185,1.559507044058108,1.158734692389249,0.9796444402163573,-0.05852661939670713,-0.14304783092324805,-0.13875356962875862,-0.1072900904973661,0.21991819848316124,0.5815819209623925,Information Technology Services,Technology,MGIC
2014Q1,2014,Q1,2014-04-08,2014-03-31,4495000.0,40949000.0,5953000.0,0.11,16642000.0,0.4064079709,224711000.0,182675000.0,130952000.0,31993000.0,40859000.0,0.0,0.0,318410300.0,234083300.0,4.624098215415771,4.093145375550902,0.013759896044252396,0.016926235117011086,0.02672113484504538,4.624098215415771,0.02460654167236896,7.775777186256074,17.709137931034483,1.7430425619269194,,0.0,,0.18222961937777857,4.093145375550902,0.02000347112513406,0.0,0.40640797089062003,-0.15384615384615388,4.082628976156973,1.4008569482347684,1.2242480089655625,-0.01450820157517617,-0.04157782515991471,0.09249403560286291,0.3189405448805453,0.46751377172770403,0.7874153385887768,Information Technology Services,Technology,MGIC
2013Q4,2013,Q4,2013-12-31,2013-12-31,4690000.0,41192000.0,5449000.0,0.13,16887000.0,0.4099582443,167003000.0,128144000.0,73173000.0,28002000.0,37872000.0,0.0,430000.0,265870770.0,234065770.0,3.4557859820393193,2.6131347760874224,0.019933773644784825,0.02597858659008615,0.038027484215047765,3.4557859820393193,0.03659945061805469,6.454427315983686,14.172215884861407,2.0747812617055814,,0.0,,0.24665425172002897,2.464323976858796,0.02808332784440998,0.0,0.4099582443192853,0.18181818181818185,1.4836289320979308,1.350868632197466,0.6510948709634041,0.13617708403417883,0.11959894962998328,0.09637826961770624,0.33651026682187796,0.4460292121045502,0.2668946798275692,Information Technology Services,Technology,MGIC
2013Q3,2013,Q3,2013-10-01,2013-09-30,4189000.0,35596000.0,4970000.0,0.11,14863000.0,0.4175469154,161210000.0,121971000.0,76014000.0,31427000.0,38305000.0,0.0,0.0,253713760.0,215413760.0,3.3075087452883913,2.4187482101377795,0.0,0.0,0.03777622686266954,3.3075087452883913,0.034344229365996834,7.127591864254411,15.141666268799236,2.0801154372760737,,0.0,,0.22080516097016314,2.4187482101377795,0.025984740400719557,0.0,0.417546915383751,0.16525423728813562,1.119330774230903,0.9434089996695698,0.6140731927967775,0.07773185410775144,0.2033898305084746,0.22203098106712565,0.43473762895428575,0.3830890199491392,0.645873117231945,Information Technology Services,Technology,MGIC
2013Q2,2013,Q2,2013-07-08,2013-06-30,3481000.0,34756000.0,4067000.0,0.0944,13791000.0,0.396794798,161156000.0,119587000.0,74989000.0,34200000.0,40799000.0,0.0,-5123000.0,199873340.0,161404340.0,3.242861404127234,2.1926608187134504,0.0,0.0,0.03157767221731853,3.242861404127234,0.029108515139605474,5.7507578547588905,14.354592071243896,1.6713634425146546,1.2640045963803506,0.0,0.022013941429107054,0.2156668073171337,2.1926608187134504,0.021600188637096975,-71.63918996415774,0.3967947980204857,-0.05600000000000008,0.7979221734521831,0.8656841780394846,0.6071229923279355,0.01974267968056788,-0.011079545454545455,-0.12368024132730016,0.585576187521406,0.40406831064037213,0.7137861002164217,Information Technology Services,Technology,MGIC
2013Q1,2013,Q1,2013-04-09,2013-03-31,3520000.0,33414000.0,4641000.0,0.1,13524000.0,0.4047405279,153023000.0,115982000.0,72946000.0,29812000.0,36493000.0,0.0,0.0,188093160.0,151352160.0,3.1694266819697217,2.446867033409365,0.0,0.0,0.03534659024698596,3.1694266819697217,0.030349536997120244,5.629172203268091,13.358889204545454,1.6217444086151298,,0.0,,0.21835933160374585,2.446867033409365,0.023003077968671376,0.0,0.4047405279224277,-0.1666666666666666,57.75582798357023,0.924667293416889,0.608514678992175,-0.09465791940018745,-0.17234893016694097,0.08994833255049318,0.6608222585595924,0.47969440593989293,0.7221417867430485,Information Technology Services,Technology,MGIC
2012Q4,2012,Q4,2013-01-07,2012-12-31,4253000.0,35730000.0,4258000.0,0.12,14938000.0,0.4180800448,152238000.0,117786000.0,73697000.0,28774000.0,34121000.0,0.0,-7727000.0,171799100.0,134079100.0,3.2223346920909366,2.5612358379092237,0.00015764789343002404,0.000203759360195609,0.035720692421764226,3.2223346920909366,0.03610785662133021,4.808259165966975,10.098700916999764,1.4585697790908936,,0.0,,0.23469830134394828,2.5612358379092237,0.02793652044824551,0.0,0.41808004478029664,0.09090909090909087,3.6492299932331775,3.0723830084269537,0.6712007188440405,0.14951904578684108,0.033535844471445926,0.03299369238233867,0.07011309438233995,1.1561230457958858,0.7998149040842256,Information Technology Services,Technology,MGIC
2012Q3,2012,Q3,2012-10-09,2012-09-30,4115000.0,32578000.0,4122000.0,0.11,12995000.0,0.3988888207,152362000.0,114194000.0,71751000.0,33785000.0,35730000.0,0.0,0.0,160414990.0,123713990.0,3.125092362004324,2.123753144886784,0.00017064622412412545,0.00022768271537909173,0.036302755325396265,3.125092362004324,0.036035168222498554,4.924028178525385,9.74574665856622,1.4047584811811478,,0.0,,0.21381971882752918,2.123753144886784,0.027008046625799084,0.0,0.3988888206765302,0.09999999999999995,3.610845419412201,0.5920617362363169,0.9195227972546018,0.0893620588481851,0.14178690344062153,0.08388114646331843,2.9819138857539422,1.105671171355788,0.4247973096099764,Information Technology Services,Technology,MGIC
2012Q2,2012,Q2,2012-07-03,2012-06-30,3604000.0,28030000.0,3803000.0,0.1,11929000.0,0.425579736,144435000.0,113003000.0,72923000.0,29099000.0,30927000.0,0.0,0.0,202591650.0,161491650.0,3.0957181601512205,2.506031135090553,0.00017308824038494825,0.00022123306460890418,0.03343369447713784,3.0957181601512205,0.03189295859401963,7.227672136996076,14.05324986126526,1.79279886374698,0.0,0.0,0.0,0.19406653511960398,2.314856180624764,0.02495240073389414,15.500508798775822,0.42557973599714594,-0.09090909090909087,2.8016510058534,0.43449998971160175,0.9578009055986344,-0.09112380952380952,-0.1441462835431014,-0.09988165680473372,1.8969144475050521,0.8014587303061347,0.44953145415639756,Information Technology Services,Technology,MGIC
2012Q1,2012,Q1,2012-04-03,2012-03-31,4211000.0,30042000.0,4225000.0,0.11,13125000.0,0.4368883563,143027000.0,109748000.0,70731000.0,31403000.0,32783000.0,0.0,0.0,233771460.0,195005460.0,3.013978524153462,2.2523644237811675,8.390024261153489e-05,0.00010934140029886649,0.03809558804411562,3.013978524153462,0.0383697197215439,7.781487916916317,13.878619092852054,2.1300748988592044,,0.0,,0.21004425737797758,2.239180969971022,0.02944199346976445,0.0,0.43688835630117834,-0.0833333333333333,2.6059744763018062,0.5795343798044642,0.9267257142274825,0.04874151018777467,-0.035280641466208476,0.011733716475095786,4.165823438100146,0.9109416679276182,0.4497606709702065,Information Technology Services,Technology,MGIC
2011Q4,2011,Q4,2012-01-03,2011-12-31,4365000.0,30483000.0,4176000.0,0.12,12515000.0,0.4105567037,134055000.0,105156000.0,63469000.0,25667000.0,28409000.0,0.0,-20249000.0,188255210.0,159557210.0,2.8878697168593632,2.472786067713406,9.697512215135579e-05,0.00012362585111643653,0.042310341866640934,2.8878697168593632,0.041509756932557346,6.175744185283601,10.782085337915234,1.7902469664118073,,0.0,,0.22739174219536756,2.351151283749562,0.032561262168512926,0.0,0.4105567037365089,0.09090909090909087,51.12221596682504,0.6188581752448457,0.897566311728638,0.02910944823616479,0.08609106742970889,0.04217619166458697,1.4583726069261769,0.7716101712342189,0.37975757245917946,Information Technology Services,Technology,MGIC
2011Q3,2011,Q3,2011-10-03,2011-09-30,4019000.0,29977000.0,4007000.0,0.11,12161000.0,0.4056776862,127665000.0,100664000.0,72080000.0,23849000.0,25900000.0,0.0,0.0,149353290.0,104473290.0,2.7701367676600896,3.0223489454484467,0.0004621470254180864,0.0005861082412779146,0.039548703111452796,2.7701367676600896,0.03992489867281253,4.982262734763318,9.290450982831551,1.483681256457125,,0.0,,0.23480985391454195,3.0223489454484467,0.03148082873144558,0.0,0.40567768622610667,0.09999999999999995,1.9839640201732682,0.7031125592285472,0.8132543732942825,0.099349123124209,0.13307020016915702,0.17749044960329122,1.0634264899111587,0.660862925662562,0.351834217651028,Information Technology Services,Technology,MGIC
2011Q2,2011,Q2,2011-07-06,2011-06-30,3547000.0,27380000.0,3403000.0,0.1,11062000.0,0.404017531,126118000.0,97034000.0,71489000.0,25965000.0,28000000.0,0.0,0.0,180769020.00000003,143198020.00000003,2.6731865891622357,2.7532832659349125,0.01083905548771785,0.014087845497454501,0.03596094242004359,2.6731865891622357,0.03655419749778428,6.602228634039446,12.740979701155908,1.8629451532452546,,0.0,,0.21709827304587767,2.3847872135567107,0.0281244548755927,0.0,0.40401753104455806,0.25000000000000006,3.236200198534747,0.5504976079670103,0.6301016036112264,0.07065427797135114,0.13941535496305815,0.0868732034493772,0.8611825677404492,0.49314748200109726,0.3247990261802631,Information Technology Services,Technology,MGIC
2011Q1,2011,Q1,2011-04-04,2011-03-31,3113000.0,25488000.0,3131000.0,0.08,10332000.0,0.4053672316,120939000.0,93353000.0,73601000.0,24133000.0,25999000.0,0.0,0.0,272441750.0,231141750.0,2.5870306221421644,3.0498073177806324,7.441768164115794e-05,9.64082568315962e-05,0.03309159874649387,2.5870306221421644,0.03334654483519544,10.689020323289391,21.879356729842595,2.9184038006277246,,0.0,,0.21075087440775928,3.0498073177806324,0.025740249216547186,0.0,0.4053672316384181,-0.11111111111111106,10.51217643133775,0.43866734149780756,0.5391013137833821,-0.03285593934288121,0.009730781706130393,0.03950863213811421,51.695142345530314,0.4888334942346819,0.3129430487825003,Information Technology Services,Technology,MGIC
2010Q4,2010,Q4,2010-12-31,2010-12-31,3083000.0,25027000.0,3012000.0,0.09,10683000.0,0.4268589923,111950000.0,88865000.0,68372000.0,19557000.0,23085000.0,0.0,-35293000.0,201332040.0,157682040.0,2.7277610657498927,3.4960372245231888,9.825815096025011e-05,0.00012378326675293986,0.03345021356348373,2.7277610657498927,0.03469307376357396,8.044593439085787,16.32598443074927,2.265594328475778,,0.0,,0.2235551585529254,3.4960372245231888,0.027539079946404647,0.0,0.42685899228832863,0.12499999999999993,2.55116632939305,0.5906615676563551,0.6215849838146862,0.16359873652107615,0.21473601260835304,0.20287539936102236,3.154747635176541,2.200538100760934,0.4146998029425551,Information Technology Services,Technology,MGIC
2010Q3,2010,Q3,2010-10-05,2010-09-30,2538000.0,22372000.0,2504000.0,0.08,9181000.0,0.4103790452,86720000.0,64419000.0,46075000.0,18802000.0,22301000.0,0.0,0.0,80140000.0,58413000.0,2.009576990267033,2.450537176896075,0.003966789667896679,0.005340039429360903,0.03768408755326315,2.009576990267033,0.03939831416197085,3.582156266762024,7.894011032308904,1.24404290659588,,0.0,,0.25797970479704796,2.450537176896075,0.02926660516605166,0.0,0.4103790452351153,0.3333333333333334,2.52203560797141,0.4644729676073372,0.14292916386266596,0.04305839581913202,0.3329831932773109,0.21083172147001933,2.2417046176992605,0.2462678600788004,0.23434074863049492,Information Technology Services,Technology,MGIC
2010Q2,2010,Q2,2010-07-07,2010-06-30,1904000.0,21468000.0,2068000.0,0.06,8802000.0,0.4100055897,82331000.0,60517000.0,44413000.0,18147000.0,21814000.0,0.0,0.0,67162200.0,46119200.0,1.8922206241010568,2.447401774397972,0.00034009060985534003,0.00046267990812498967,0.03922425184748786,1.8922206241010568,0.0314622337524993,3.1284795975405255,8.81856617647059,1.1098071616240066,,0.0,,0.26075232901337286,2.447401774397972,0.023126161470163123,0.0,0.4100055897149245,0.0,2.671459183132284,0.327457336708337,0.04444308831942726,0.03993383742911153,0.02918918918918919,0.1790193842645382,1.2923311029120546,0.25398394971629,0.19668233986665612,Information Technology Services,Technology,MGIC
2010Q1,2010,Q1,2010-04-13,2010-03-31,1850000.0,19711000.0,1754000.0,0.06,8464000.0,0.4294049008,82785000.0,58786000.0,45498000.0,20323000.0,23999000.0,0.0,0.0,81452100.0,62117100.0,1.8403982217769708,2.238744279879939,0.0004469408709307242,0.0006294015581941279,0.028611927631830018,1.8403982217769708,0.03147007790970639,4.132316980366293,11.00704054054054,1.3855696934644302,,0.0,,0.2380986893760947,2.237464941199626,0.02234704354653621,0.0,0.4294049008168028,-0.4545454545454546,7.125143489240916,0.23966744487978595,-0.024650950906613008,0.05509847918224882,-0.46731932047221425,-0.5288745635240397,0.8059407227392476,0.18141710663566937,0.17649895309462238,Information Technology Services,Technology,MGIC
2009Q4,2009,Q4,2010-01-12,2009-12-31,3473000.0,14481000.0,3723000.0,0.11,8022000.0,0.5539672675,87551000.0,57188000.0,57768000.0,29747000.0,30363000.0,0.0,-44668000.0,73147180.0,48850180.0,1.7903700457078455,1.9419773422530002,0.0006053614464711996,0.0009267678533958173,0.062056778060603994,1.7903700457078455,0.06072952367629573,5.051251985360127,5.265417506478548,1.2790651885010842,,0.0,,0.16540073785564985,1.9410696876995999,0.03966830761499012,0.0,0.5539672674539051,2.666666666666667,0.9767862233368619,-0.17096915365370657,-0.06360883497866998,0.1661578717836895,2.850332594235033,3.584975369458128,46.27567761706983,-0.12331413167062066,0.17641937391759327,Information Technology Services,Technology,MGIC
2009Q3,2009,Q3,2009-10-05,2009-09-30,902000.0,13504000.0,812000.0,0.03,6879000.0,0.5094046209,84162000.0,69955000.0,51388000.0,13592000.0,14207000.0,0.0,0.0,54538740.0,34239740.0,2.193359252523986,3.7807533843437318,0.001105011763028445,0.001329426059609749,0.011579213898952126,2.193359252523986,0.01289400328782789,4.038710011848341,15.116058758314857,0.7796260453148453,,0.0,,0.16045246073049596,3.7783990582695703,0.01071742591668449,0.0,0.5094046208530806,0.0,0.18174395042828698,-0.1209921158877076,0.1956803647944752,-0.038171140939597316,-0.1701931922723091,-0.14973821989528796,1.251612221183926,-0.1258587897242586,0.43571187649483206,Information Technology Services,Technology,MGIC
2009Q2,2009,Q2,2009-07-21,2009-06-30,1087000.0,13595000.0,955000.0,0.03,7152000.0,0.5260757631,85192000.0,68115000.0,52563000.0,16478000.0,17077000.0,0.0,0.0,45608420.0,24936420.0,2.1356681507493573,3.1898895497026336,0.0014085829655366702,0.0017617264919621229,0.01308115239044471,2.1356681507493573,0.015958305806356897,3.354793674144906,10.489517019319226,0.669579681421126,,0.0,,0.15958071180392525,3.1880082534288143,0.012759414029486337,0.0,0.5260757631482162,0.4999999999999999,-0.21271146365441532,-0.20303709057191524,0.18135601160293727,0.01692023318640694,0.5224089635854342,0.2905405405405405,1.7799463109500258,-0.12380143084182826,0.302324383726985,Information Technology Services,Technology,MGIC
2009Q1,2009,Q1,2009-04-02,2009-03-31,714000.0,13770000.0,740000.0,0.02,7033000.0,0.5107480029,82520000.0,66306000.0,49937000.0,15796000.0,16214000.0,0.0,0.0,36678100.0,16423100.0,2.0789490186241926,3.1613699670802733,0.00232670867668444,0.0028956655506289022,0.009882465323836472,2.0789490186241926,0.010768256266401231,2.6636238198983295,12.842471988795516,0.5531641178777185,,0.0,,0.16686863790596218,3.159534059255508,0.008652447891420261,0.0,0.5107480029048657,1.076923076923077,-0.4367127748598266,-0.19584192788728133,0.1439314608286915,-0.13684339715267552,1.0856012468528953,1.1008037052172728,3.468406650220344,-0.120620602516437,0.2368284853171462,Information Technology Services,Technology,MGIC
2008Q4,2008,Q4,2009-01-05,2008-12-31,-8341000.0,15071000.0,-7341000.0,-0.26,8148000.0,0.5406409661,82656000.0,66755000.0,47692000.0,13929000.0,15901000.0,0.0,-34870000.0,40888108.0,13759108.0,2.0930269016115886,3.42393567377414,0.0021777003484320556,0.0026964272339150626,-0.11038822209894422,2.0930269016115886,-0.1249494419893641,2.7130321810098867,-1.225515765495744,0.6125100441914463,0.0,0.0,0.0,0.1823340108401084,3.4217101012276547,-0.10091221447928765,5.328829401798514,0.5406409660938226,-6.199999999999999,-7.5108703398447645,-0.1626626147219052,0.18954445986370355,-0.11057744787686934,-5.889214536928487,-5.553970223325062,-3.2866536453663273,-0.0215773600020101,0.24425157210038678,Information Technology Services,Technology,MGIC
2008Q3,2008,Q3,2008-10-29,2008-09-30,1706000.0,15809000.0,1612000.0,0.05,9161000.0,0.579480043,82813000.0,65223000.0,47803000.0,15275000.0,17587000.0,0.0,0.0,63021420.0,37297420.0,2.049168996826793,3.1294926350245498,0.0021614963834180622,0.0027444306456311423,0.02367664167191981,2.049168996826793,0.026156417214786194,3.986426718957556,9.235260844079718,0.9662453429005107,0.0,0.0,0.0,0.19089997947182205,3.1273977086743043,0.02060063033581684,0.0,0.5794800430134733,0.0,0.9435376860287815,-0.06546553704181583,0.17047726311162073,-0.00919316461172399,0.024009603841536616,0.008760951188986232,2.0303826971782444,0.042238912063506315,0.16544676790180204,Information Technology Services,Technology,MGIC
2008Q2,2008,Q2,2008-07-08,2008-06-30,1666000.0,16030000.0,1598000.0,0.05,9246000.0,0.5767935122,84882000.0,64029000.0,49062000.0,18315000.0,20851000.0,0.0,0.0,50612540.0,20502540.0,2.0178053699735283,2.6787878787878787,0.002980608373977993,0.003951334551531337,0.024119960491141304,2.0178053699735283,0.026019459932218214,3.1573636930754834,7.594918967587034,0.7904627590622999,0.0,0.0,0.0,0.1888504040903843,2.676876876876877,0.01962724723734125,0.0,0.5767935121646912,30.250000000000004,1.0577792804632413,-0.026904776559301354,0.18419807006092498,0.11612747464992756,31.03846153846154,12.75,2.474049276615707,-0.0009880546032068973,0.113761706959454,Information Technology Services,Technology,MGIC
2008Q1,2008,Q1,2008-04-17,2008-03-31,52000.0,15069000.0,-136000.0,0.0016,8284000.0,0.5497378725,84672000.0,62586000.0,48685000.0,19612000.0,22082000.0,0.0,0.0,57173400.0,28349400.0,1.9704058180902309,2.4824087293493777,0.003720238095238095,0.005033074489502445,-0.001562983943213116,1.9704058180902309,0.000830856741124213,3.794107107306391,274.87211538461537,0.9135174000575208,0.0,0.0,0.0,0.17796910430839002,2.4806241076891697,0.0006141345427059713,0.0,0.5497378724533811,1.0364464692482915,-0.8223899987221536,-0.07446400273904855,0.18060315301572835,1.2985571587125415,1.0372759856630824,0.9276210750399149,-0.7703305421090265,-0.04693710456423371,0.04424869479975074,Information Technology Services,Technology,MGIC
2007Q4,2007,Q4,2007-12-31,2007-12-31,-1395000.0,7624000.0,-1879000.0,-0.0439,3604000.0,0.4727177335,82298000.0,61244000.0,47349000.0,18606000.0,21054000.0,0.0,-38848000.0,60032070.0,51607070.0,1.9281554009381985,2.5448242502418577,0.045602566283506285,0.06127947227483509,-0.02697531241858706,1.9281554009381985,-0.022777741493044217,7.874091028331584,-10.758435483870967,0.9802114492848278,0.0,0.0,0.0,0.09263894626843909,2.4997312694829623,-0.016950594182118642,6.849066742726754,0.4727177334732424,-3.195,0.6178099330531837,-0.4852861309135826,-0.067567923726499,-0.6283003300330033,-2.8140442132639794,-2.7112932604735884,-1.7984904397846286,-0.5610696464983609,0.008455032273989475,Information Technology Services,Technology,MGIC
2007Q3,2007,Q3,2007-10-15,2007-09-30,769000.0,17632000.0,1098000.0,0.02,9696000.0,0.5499092559,75365000.0,51261000.0,33552000.0,21211000.0,23967000.0,280000.0,0.0,60767980.0,52830980.0,1.6280569141840817,1.5818207533826787,0.05698931864924037,0.08378689452020054,0.017223996117318317,1.6280569141840817,0.01500165818068317,3.4464598457350273,19.755520156046813,1.185462242250444,0.0,28.34285714285714,0.0,0.233954753532807,1.568620055631512,0.01020367544616201,0.0,0.5499092558983666,-0.3333333333333333,1.3509912388022465,0.20532008044727437,-0.24571023730457164,0.06526038233355307,-0.05759803921568627,0.08605341246290801,0.020550944042707454,0.1625815248504697,-0.11248661940914637,Information Technology Services,Technology,MGIC
2007Q2,2007,Q2,2007-07-26,2007-06-30,816000.0,16819000.0,1011000.0,0.03,9102000.0,0.5411736726,74864000.0,49682000.0,33402000.0,22436000.0,25052000.0,232000.0,-49635000.0,72266000.0,64291000.0,1.5812221514958624,1.488768051346051,0.057985146398803165,0.0873757095124995,0.015794828128759972,1.5812221514958624,0.016424459562819533,4.296688269219335,22.140318627450977,1.4545710720180347,0.0,33.26293103448276,0.0,0.22466071810215857,1.478427527188447,0.010899764907031416,0.0,0.5411736726321422,0.0,3.0825576786808067,0.016276687747815825,-0.30079135814082014,0.04789316140916417,-0.18725099601593626,-0.039886039886039885,-0.40007445928544566,0.0008336014056293435,-0.12533869379756699,Information Technology Services,Technology,MGIC
2007Q1,2007,Q1,2007-04-17,2007-03-31,1004000.0,16352000.0,1053000.0,0.03,8686000.0,0.5311888454,75997000.0,48972000.0,34265000.0,23864000.0,26893000.0,290000.0,-50312000.0,72316860.0,64940860.0,1.5643007730147576,1.4358447871270532,0.057975972735765886,0.08996977864902393,0.016603611410244936,1.5643007730147576,0.020501511067548803,4.422508561643836,18.007186254980077,1.4766981132075472,,26.43448275862069,,0.21516638814690053,1.423692591350989,0.0132110478045186,0.0,0.5311888454011742,12.043478260869565,5.318106720967947,-0.0724562443699744,-0.30393365549341833,0.004161849710982659,12.944444444444445,5.280487804878049,-0.1930496543625678,-0.02711888563592418,-0.13925120220867776,Information Technology Services,Technology,MGIC
