Quarters,Year,Quarter,FillingDate,Date,NetIncome,Revenue,OperatingIncome,EPSDiluted,GrossProfit,GrossProfitRatio,TotalAssets,CommonStockEquity,CurrentAssets,CurrentLiability,TotalLiability,Inventory,RetainedEarnings,MarketCap,EnterpriseValue,bookValuePerShare,currentRatio,debtToAssets,debtToEquity,roic,shareholdersEquityPerShare,roe,priceToSalesRatio,peRatio,pbRatio,payoutRatio,inventoryTurnover,dividendYield,assetTurnover,quickRatio,returnOnAssets,priceToFreeCashFlowsRatio,grossProfitMargin,epsdilutedGrowth,fiveYNetIncomeGrowthPerShare,fiveYRevenueGrowthPerShare,fiveYShareholdersEquityGrowthPerShare,grossProfitGrowth,netIncomeGrowth,operatingIncomeGrowth,threeYNetIncomeGrowthPerShare,threeYRevenueGrowthPerShare,threeYShareholdersEquityGrowthPerShare,Industry,Sector,Symbol
2023Q1,2023,Q1,2023-04-27,2023-03-31,5123000.0,86946000.0,11401000.0,0.0932,50051000.0,0.5756561544,821521000.0,264018000.0,452983000.0,244087000.0,487682000.0,37492000.0,-292409000.0,1036947520.0,1196275520.0,4.883434448061557,1.8558259964684722,0.31475032287671284,0.9793801937746669,0.011167533083630455,4.883434448061557,0.01940398003166451,11.926339567087618,50.60255319148936,3.9275637267156025,0.0,0.9840766030086419,0.0,0.10583539556505554,1.643655745697231,0.006235993967287507,61.22380114542127,0.5756561543946818,0.27148703956343795,-0.28076345034230343,0.22161441685438715,-0.425377244409868,0.024648391917620326,0.2553295760842931,0.5126708239352528,1.1160005823628376,1.7839245643095982,-0.35701182149375277,Entertainment,Communication Services,IMAX
2022Q4,2022,Q4,2023-02-22,2022-12-31,4081000.0,98046000.0,7537000.0,0.0733,48847000.0,0.4982049242,821154000.0,263355000.0,450828000.0,249574000.0,491386000.0,31534000.0,-293124000.0,803602560.0,969224560.0,4.8043454465849385,1.806390088711164,0.3203089798015963,0.9987393442311708,0.009582524987396276,4.8043454465849385,0.015496193351179965,8.1961789364176,49.2282871845136,3.0514042262345504,0.0,1.5601890023466733,0.0,0.11940025866037308,1.6345893402357616,0.004969835134457118,110.75007717750827,0.498204924219244,1.5235714285714286,0.006318362158771555,-0.06973083477992824,-0.4055402453794127,0.5408662187312703,1.5261054531391,3.2749773619076366,-0.749140531012333,-0.11879924102750057,-0.4629109265328768,Entertainment,Communication Services,IMAX
2022Q3,2022,Q3,2022-10-31,2022-09-30,-7757000.0,68755000.0,-3313000.0,-0.14,31701000.0,0.461071922,800227000.0,273339000.0,428621000.0,220866000.0,462293000.0,36378000.0,-282944000.0,791270680.0,933306680.0,4.877656631988437,1.9406382150263055,0.28640248329536494,0.8384716414415798,-0.00945452488798268,4.877656631988437,-0.028378679954196073,11.508554723292852,-25.501826737140647,2.8948327168826986,0.0,1.0185826598493595,0.0,0.08591937037865506,1.716416288609383,-0.009693499469525522,-197.91662831415707,0.4610719220420333,-0.9047619047619051,-9.542178125947999,-0.1960985239241641,-0.3931602146148089,-0.2801117267690072,-0.8247471183251,-1.6960084033613445,-1.9394208976416485,-0.1293587330839603,-0.4330904148072652,Entertainment,Communication Services,IMAX
2022Q2,2022,Q2,2022-07-29,2022-06-30,-4251000.0,73968000.0,4760000.0,-0.0735,44036000.0,0.5953385248,801824000.0,290930000.0,450605000.0,201576000.0,443597000.0,33422000.0,-272022000.0,968134800.0,1082401800.0,5.075540823447313,2.2354099694408065,0.559671449096061,1.5424947581892552,0.02446851884502907,5.075540823447313,-0.014611762279586155,13.088562621674237,-56.935709244883554,3.3277241948234972,0.0,0.8955777631500209,0.0,0.09224967075068843,2.003497440171449,-0.005301662210160834,-108.66930070715007,0.595338524767467,0.6325,-1.850104950645988,-0.032545237524107345,-0.35123094375968905,0.3860438764911397,0.6442677824267783,11.818181818181818,-1.399093285282589,-0.24478798644514613,-0.3997288855837835,Entertainment,Communication Services,IMAX
2022Q1,2022,Q1,2022-04-28,2022-03-31,-11950000.0,60036000.0,-440000.0,-0.2,31771000.0,0.5291991472,852048000.0,339240000.0,489280000.0,196314000.0,437966000.0,27332000.0,-251194000.0,1108805820.0,1171595820.0,5.791648171543688,2.492333710280469,0.26417525773195877,0.6635125574814291,-0.0009975635392765127,5.791648171543688,-0.03522579884447589,18.46901559064561,-23.196774476987446,3.268499646268129,0.0,1.0341358115030002,0.0,0.0704608191087826,2.2836883767841316,-0.014025031453627025,-114.91406570629081,0.5291991471783597,-1.9090909090909092,-181.52101615051046,-0.009286562129989684,-0.3144874007527439,-0.5038494573280238,-1.8931908214365798,-1.0192931684644393,-2.5150460084710193,-0.21557940917344748,-0.310845831766541,Entertainment,Communication Services,IMAX
2021Q4,2021,Q4,2022-02-24,2021-12-31,13379000.0,108572000.0,22806000.0,0.22,64035000.0,0.5897929485,883247000.0,356083000.0,523754000.0,211592000.0,452875000.0,26924000.0,-234975000.0,1050526240.0,1086928240.0,6.046989097578372,2.475301523687096,0.2560020017050723,0.6350008284585336,0.02136776631097165,6.046989097578372,0.037572700746736014,9.67584865342814,19.63013379176321,2.9502285703052378,0.0,1.6541747140098053,0.0,0.12292371216658533,2.2922794812658323,0.015147518191400594,55.337454698693634,0.589792948458166,2.571428571428571,0.6802512730920792,0.14082294182207838,-0.2882350861138117,1.3296467420962637,2.596920506087372,27.73622508792497,7.305335773550166,0.04780809135824216,-0.26887491847594197,Entertainment,Communication Services,IMAX
2021Q3,2021,Q3,2021-10-28,2021-09-30,-8378000.0,56602000.0,-853000.0,-0.14,27487000.0,0.48561888272499204,871161000.0,336906000.0,503586000.0,209784000.0,450691000.0,38245000.0,-241440000.0,1124451120.0,1164194120.0,5.686753088920397,2.40049765473058,0.2671733468325602,0.6908484859278256,-0.004891584289703939,5.686753088920397,-0.024867470451698695,19.86592558566835,-33.55368584387682,3.3375811650727503,0.0,0.7612759837887305,0.0,0.06497306468035186,2.1616424512832246,-0.00961705126836486,-154.3303760636838,0.48561888272499204,0.12499999999999993,-4.757442922740724,-0.259409522822144,-0.3280693044318726,0.0735851267429598,0.09043534903919227,0.7110433604336044,-2.7620836551168897,-0.27215955127919783,-0.3372890464234765,Entertainment,Communication Services,IMAX
2021Q2,2021,Q2,2021-07-27,2021-06-30,-9211000.0,50955000.0,-2952000.0,-0.16,25603000.0,0.5024629575115298,881890000.0,350669000.0,506888000.0,203796000.0,446365000.0,37299000.0,-226900000.0,1276390500.0,1294697500.0,5.9068000741152495,2.487232330369585,0.26356121511753167,0.6628244869093076,-0.007427397153551823,5.9068000741152495,-0.02626693548617072,25.049367088607596,-34.64310335468461,3.6398726434329807,0.0,0.6796965066087562,0.0,0.05777931488054066,2.245858603701741,-0.010444613273764301,-142.69318054779205,0.5024629575115298,0.36,-2.3495629392810966,-0.3659939035701331,-0.29643601197534003,0.4815693536253689,0.37931266846361184,0.7278008298755186,-2.288313574881668,-0.4474276241322412,-0.2909788347782353,Entertainment,Communication Services,IMAX
2021Q1,2021,Q1,2021-04-29,2021-03-31,-14840000.0,38754000.0,-10845000.0,-0.25,17281000.0,0.4459152603602209,942363000.0,352487000.0,561188000.0,213931000.0,506911000.0,39119000.0,-217689000.0,1186141200.0,1242459200.0,5.973141056056395,2.6232196362378524,0.343935404934192,0.919500577326256,-0.02264549419939581,5.973141056056395,-0.04210084343536074,30.606936058213346,-19.982163072776284,3.365063676107204,0.0,0.5489148495615941,0.0,0.041124280134088455,2.380706863427928,-0.015747647138098588,-82.0064435840708,0.4459152603602209,0.3055555555555555,-2.831325057586763,-0.5054472811288733,-0.30474677198969785,-0.14926401811647713,0.3014827018121911,0.25165608611647805,-2.9087503720384413,-0.5011512156986322,-0.29715391705071337,Entertainment,Communication Services,IMAX
2020Q4,2020,Q4,2021-03-04,2020-12-31,-21245000.0,55990000.0,-14492000.0,-0.36,20313000.0,0.36279692802286123,997750000.0,385489000.0,596015000.0,513849000.0,532983000.0,39580000.0,-202849000.0,1060873440.0,1354846440.0,6.5479175159668435,1.1599030065252633,0.612730643948885,1.585912957308769,-0.01610162145422649,6.5479175159668435,-0.05511181901429094,18.94755206286837,-12.483801365027064,2.752020005758919,0.0,0.9013895907023749,0.0,0.056116261588574294,1.0625981562676974,-0.021292909045352044,172.21971428571428,0.36279692802286123,0.55,-2.1128450332091964,-0.44719081749069695,-0.2720046441164817,4.305040480543223,0.5499798767184223,0.47090178897407814,-5.8778011224278,-0.5053616730823495,-0.18980150717838723,Entertainment,Communication Services,IMAX
2020Q3,2020,Q3,2020-10-29,2020-09-30,-47209000.0,37256000.0,-27390000.0,-0.8,3829000.0,0.1027753918831866,1007542000.0,398834000.0,594838000.0,513736000.0,532397000.0,53021000.0,-181604000.0,703953640.0,696741640.0,6.776092016514042,1.1578670756964666,0.2957544201631297,0.747140414307707,-0.06665938139479566,6.776092016514042,-0.11836754138313182,18.89504079879751,-3.7278571882480036,1.7650291600014043,0.0,0.6304483129326116,0.0,0.036977118571732,1.033614541320834,-0.04685561495203178,-59.54103357861795,0.1027753918831866,-0.8181818181818182,-7.492849219237874,-0.4815877809091418,0.16110601308649958,1.4980489073881373,-0.8180382793545654,0.34,-60.085601862077176,-0.5852634963141516,-0.15697177245226054,Entertainment,Communication Services,IMAX
2020Q2,2020,Q2,2020-07-28,2020-06-30,-25967000.0,8855000.0,-41500000.0,-0.44,-7688000.0,-0.8682100508187465,1061465000.0,439369000.0,609274000.0,524661000.0,543136000.0,60179000.0,-134395000.0,659237680.0,935781680.0,7.47124540878792,1.161271754523397,0.5610453477034099,1.3554210697614077,-0.02990198961326445,7.47124540878792,-0.05910066481704444,74.44807227555053,-6.346879500904995,1.5004191920686258,0.0,0.27489655860017614,0.0,0.008342243974130093,1.02368386443818,-0.024463359602059417,-22.080576098606645,-0.8682100508187465,0.46341463414634143,-2.2665119393162505,-0.9018608400019622,0.20432648658261388,-2.511600471883602,0.47386230092798964,-0.07963266474153854,-15.969197231971107,-0.8871126889757608,-0.04500564542658331,Entertainment,Communication Services,IMAX
2020Q1,2020,Q1,2020-04-30,2020-03-31,-49354000.0,34902000.0,-38439000.0,-0.82,5086000.0,0.14572230817718182,1102326000.0,458869000.0,650094000.0,240413000.0,558449000.0,61635000.0,-108428000.0,546782900.0,791215900.0,7.594905491740872,2.704071743208562,0.5413189927480618,1.3003929225988244,-0.049431567195464876,7.594905491740872,-0.1075557512056818,15.666234026703341,-2.7696990112250277,1.1915882310637678,0.0,0.4837511154376572,0.0,0.031662139875136754,2.3996248123021635,-0.04477259903150248,168.08573624346758,0.14572230817718182,-3.8275862068965516,-145.59327808255512,-0.3573335385253802,0.3327942987773225,-0.9184400006414472,-3.7160860712123713,-2.5487107171635777,-723.8043523453275,-0.4416260394574357,-0.10104977884165121,Entertainment,Communication Services,IMAX
2019Q4,2019,Q4,2020-02-19,2019-12-31,18171000.0,124279000.0,24820000.0,0.29,62359000.0,0.5017661873687429,889069000.0,547694000.0,430301000.0,245974000.0,245974000.0,42989000.0,-40253000.0,1250888040.0,1177862040.0,8.945155811066833,1.7493759503036905,0.04100694096858624,0.06656636735111211,0.03469672198295832,8.945155811066833,0.03317728512636618,10.065160163824942,17.209950470529964,2.28391773508565,0.0,1.4403684663518574,0.0,0.1397855509527382,1.5329872262922097,0.02043823370289595,116.048616754801,0.5017661873687429,0.9333333333333332,-0.027773070612371237,0.36238153986103483,0.6070783618868918,0.3234083191850594,1.0116240451677183,0.7225345270317163,1.1947819954577497,0.2559146874299662,0.05289557378435537,Entertainment,Communication Services,IMAX
2019Q3,2019,Q3,2019-10-31,2019-09-30,9033000.0,86390000.0,14409000.0,0.15,47120000.0,0.5454334992475981,869989000.0,527456000.0,412301000.0,250597000.0,250597000.0,58175000.0,-58424000.0,1345622800.0,1279280800.0,8.603941015268171,1.6452750831015535,0.04161661814114891,0.06864269247103076,0.019934088045755277,8.603941015268171,0.017125599102105198,15.576140757032064,37.24185763312299,2.5511564945701632,0.0,0.6750322303394929,0.0,0.09930010609329543,1.3673308140161295,0.010382889898607913,173.18182754182754,0.5454334992475981,-0.21052631578947373,1.0770618973067132,0.5887271804842196,0.6832493821365926,-0.20877201820227362,-0.20742300605422478,-0.40087318087318086,2.915070681673413,0.09235897463733127,0.016617387922116783,Entertainment,Communication Services,IMAX
2019Q2,2019,Q2,2019-07-30,2019-06-30,11397000.0,104797000.0,24050000.0,0.19,59553000.0,0.568270084067292,875888000.0,518579000.0,415360000.0,264665000.0,264665000.0,47976000.0,-66828000.0,1244405990.0,1183906990.0,8.455414064665504,1.569380159824684,0.052463328644758236,0.08861137840136218,0.03087421654252643,8.455414064665504,0.021977365068774478,11.874442875273147,27.296788409230498,2.3996459362990015,0.0,0.9430548607637151,0.0,0.1196465758179128,1.3448585948274234,0.013011937599327767,36.44154826051306,0.568270084067292,0.4615384615384615,-0.04721922321997235,0.47301768780844666,0.6776474700004596,0.31929552503322994,0.37894736842105264,0.7179798557039788,0.6163744120943008,0.2621777955718038,0.007131571255511388,Entertainment,Communication Services,IMAX
2019Q1,2019,Q1,2019-04-26,2019-03-31,8265000.0,80198000.0,13999000.0,0.13,45140000.0,0.5628569291004764,893219000.0,515812000.0,435140000.0,227794000.0,285644000.0,44814000.0,-77120000.0,1392030360.0,1384646360.0,8.403994981833586,1.9102346857248216,0.12953150347227277,0.22430653028622832,0.016276786528183176,8.403994981833586,0.016023279799616916,17.357419885782686,42.10618148820326,2.6987165091157244,0.0,0.7823001740527513,0.0,0.08978537178452317,1.666281816026761,0.00925304992392683,-105.76130983133262,0.5628569291004764,3.3333333333333335,14.793543361207439,0.8410213041857291,0.7681109982134663,-0.17389553823066506,3.8789846517119244,2.395343196701431,-0.019361202544974674,-0.0160018692773454,-0.021803673399301733,Entertainment,Communication Services,IMAX
2018Q4,2018,Q4,2019-02-26,2018-12-31,1694000.0,108964000.0,4123000.0,0.03,54642000.0,0.5014683748761058,873600000.0,512161000.0,453170000.0,274243000.0,274243000.0,44560000.0,-85385000.0,1164790440.0,1098706440.0,8.27079968994251,1.65243962471239,0.0864308608058608,0.14742629759001563,0.007057214225332616,8.27079968994251,0.0033075536794094046,10.689681362651886,171.89941558441558,2.27426617801824,0.0,1.2190754039497307,0.0,0.12472985347985348,1.4524199341459947,0.0019391025641025642,63.63931814456647,0.5014683748761058,-0.625,-0.9334543285889881,0.1450275103729468,0.7519597472044939,0.2951103315873054,-0.6625498007968128,-0.5652219761678794,-0.9156391104895216,0.022816219524797655,-0.08045516012705378,Entertainment,Communication Services,IMAX
2018Q3,2018,Q3,2018-10-25,2018-09-30,5020000.0,82108000.0,9483000.0,0.08,42191000.0,0.5138476153358991,873630000.0,536753000.0,429106000.0,234503000.0,252128000.0,52614000.0,-70888000.0,1566902550.0,1468537550.0,8.581045866572877,1.8298529229903242,0.040348889117818754,0.06567266508058642,0.013949477287956282,8.581045866572877,0.009352532729206916,19.083433404783943,78.03299551792828,2.9192245781579236,0.0,0.7586763979169042,0.0,0.09398486773576915,1.5609608405862612,0.005746139670112061,226.00642578970144,0.5138476153358991,-0.3333333333333333,2.3572721998811685,0.7075803292671348,1.0303850902318135,-0.3015197669028541,-0.3416393442622951,-0.3503904644471845,-0.3503299356505579,0.07508573719465178,0.470390887545022,Entertainment,Communication Services,IMAX
2018Q2,2018,Q2,2018-07-25,2018-06-30,7625000.0,98345000.0,14598000.0,0.12,60404000.0,0.6142050943108445,869512000.0,527464000.0,422365000.0,233112000.0,257489000.0,40705000.0,-75908000.0,1402405100.0,1318117100.0,8.330922070947974,1.8118543875905144,0.05607053151652881,0.09243095263373424,0.018751625778912883,8.330922070947974,0.014455962871399754,14.26005490873964,45.98049508196721,2.658769318853988,0.0,0.9320967940056504,0.0,0.11310367194472301,1.596910497958063,0.008769286680344837,57.588908508541394,0.6142050943108445,-0.07692307692307698,-0.31760919113768316,0.2637267913938425,1.012701422797243,0.1915884163181567,-0.10346854791299236,-0.1398774452038652,-0.654566847456752,0.012378033729468874,0.34290196061516226,Entertainment,Communication Services,IMAX
2018Q1,2018,Q1,2018-05-01,2018-03-31,8505000.0,84984000.0,16972000.0,0.13,50692000.0,0.5964887508236845,878334000.0,548621000.0,434368000.0,219936000.0,244803000.0,29096000.0,-60418000.0,1239456000.0,1143611000.0,8.498505150646736,1.974974538047432,0.056623106927433074,0.09065274570240658,0.02081245533422419,8.498505150646736,0.015502505372561386,14.584580626941541,36.433156966490294,2.2592208464495522,0.0,1.1785812482815508,0.0,0.09675590379058535,1.7964635166593919,0.00968310460485419,353.1213675213675,0.5964887508236845,0.7684668752550673,2.0690266768937917,0.7593437891467418,1.1743806693309466,-0.15721220988229034,0.760505071413786,-0.31362478262627896,22.320428406079714,0.46456600714002694,0.4913627595799626,Entertainment,Communication Services,IMAX
2017Q4,2017,Q4,2018-02-27,2017-12-31,4831000.0,125553000.0,24727000.0,0.07351,60148000.0,0.47906461812939555,866612000.0,527746000.0,459810000.0,237645000.0,263002000.0,30788000.0,-87592000.0,1511695000.0,1378327000.0,8.08186830015314,1.9348608218140504,0.02925992254896078,0.04804773508468089,0.01564681156747833,8.08186830015314,0.009154024852864826,12.040293740492062,78.2288863589319,2.8644366797664023,0.0,2.124366636351825,0.0,0.14487798461133702,1.7735403648298933,0.005574582396735794,261.13231991708415,0.47906461812939555,8.350999999999999,-0.6014713408130337,0.5762949429821973,1.1811039434344985,0.5086786395103843,6.683529411764706,4.494888888888889,-0.7576389933713537,0.2905207350946209,0.45198093170460774,Entertainment,Communication Services,IMAX
2017Q3,2017,Q3,2017-10-26,2017-09-30,-850000.0,98800000.0,4500000.0,-0.01,39868000.0,0.4035222672064777,846663000.0,520335000.0,431320000.0,228729000.0,254575000.0,37371000.0,-92423000.0,1466270400.0,1360254400.0,8.037799678695007,1.8857250283086098,0.06105380771334049,0.09934369204454822,0.005988048542790781,8.037799678695007,-0.0016335629930717712,14.840793522267207,-431.256,2.8179353685606388,0.0,1.5769446897326804,0.0,0.11669341875102608,1.6776709555849936,-0.0010039413556515403,4714.695819935691,0.4035222672064777,0.6666666666666666,-1.0577503349571984,0.27927025612092343,1.2211832996607521,-0.19391819486847692,0.5035046728971962,1.2613065326633166,-1.1850884445997418,0.7206230942039514,0.5724911780417844,Entertainment,Communication Services,IMAX
2017Q2,2017,Q2,2017-07-26,2017-06-30,-1712000.0,87758000.0,1990000.0,-0.03,49459000.0,0.5635839467626883,840389000.0,514721000.0,424553000.0,231671000.0,258007000.0,41264000.0,-91573000.0,1447446000.0,1341874000.0,7.823339868983022,1.8325685994362695,0.06267573706938097,0.10233116581604403,0.003962162984446993,7.823339868983022,-0.003326073737034238,16.493607420406118,-211.36769859813083,2.812098204658446,0.0,0.9281455990694067,0.0,0.10442545059490307,1.6136417592188923,-0.002037151842777571,68.60583941605839,0.5635839467626883,-27.881720430107524,-1.1545807408982807,0.28342710871628174,1.3487111652893788,0.3826563417293338,-23.826666666666668,7.838487972508591,-1.133415581862364,0.14986322581615522,0.5522369735860252,Entertainment,Communication Services,IMAX
2017Q1,2017,Q1,2017-04-20,2017-03-31,75000.0,68657000.0,-291000.0,0.001116,35771000.0,0.5210102393055333,841489000.0,560677000.0,460564000.0,190260000.0,217086000.0,45433000.0,-55605000.0,2256342000.0,2119513000.0,8.448638548588821,2.4207085041522127,0.06375840920083328,0.0956914587186562,-0.0005779353913659799,8.448638548588821,0.00013376685685341115,32.86397599662088,7521.14,4.024317031017859,0.0,0.7238350978363745,0.0,0.08158989600577073,2.1396194680962894,8.912772478309282e-05,-163.23099182521884,0.5210102393055333,-0.9914153846153846,-0.9714397496360994,0.2549666272716648,1.7306090639553169,-0.3534504572895203,-0.9916154276131918,-1.015553180117584,-0.8674506418185614,0.4576717786915919,0.7775035289741387,Entertainment,Communication Services,IMAX
2016Q4,2016,Q4,2017-02-23,2016-12-31,8945000.0,106913000.0,18710000.0,0.13,55326000.0,0.517486180352249,857334000.0,562012000.0,489416000.0,203464000.0,230780000.0,42121000.0,-47366000.0,2077172800.0,1927045800.0,8.495767323739267,2.405418157511894,0.06372312307688718,0.09720788879952741,0.019556536079961377,8.495767323739267,0.015916030262699016,19.428627014488416,58.054019005030746,3.6959580934214924,0.0,1.2247335058521878,0.0,0.12470402433590642,2.0934465065072936,0.010433506661347854,257.0440292043064,0.517486180352249,2.25,0.442135418468975,0.5346641295532467,1.9727500523692791,0.23223234370475956,2.5425742574257426,1.4223200414293113,-0.6710705391535189,0.051669848329252845,0.7996134510313482,Entertainment,Communication Services,IMAX
2016Q3,2016,Q3,2016-10-20,2016-09-30,2525000.0,86550000.0,7724000.0,0.04,44899000.0,0.5187637203928365,859299000.0,567803000.0,488866000.0,204438000.0,232244000.0,51015000.0,-43816000.0,1943597300.0,1781105300.0,8.463303025786256,2.3912677682231287,0.06471786886753039,0.097942420170376,0.008244714707974833,8.463303025786256,0.004446964880425077,22.456352397458115,192.43537623762373,3.423013439520397,0.0,0.8164461432911889,0.0,0.10072163472784211,2.0849744176718614,0.002938441683279045,1205.7055210918113,0.5187637203928365,-0.6363636363636365,-0.7100430557191576,0.2655320131883284,2.018676283213076,-0.10696740060067228,-0.6759080990886921,-0.5006142109006272,0.5744203147798924,0.6781825737439663,1.0025256297264276,Entertainment,Communication Services,IMAX
2016Q2,2016,Q2,2016-07-20,2016-06-30,7791000.0,91743000.0,15467000.0,0.11,50277000.0,0.5480200124260162,866737000.0,568949000.0,495182000.0,211957000.0,240253000.0,44776000.0,-34923000.0,1997800640.0,1826311640.0,8.395540668161964,2.3362380105398737,0.06529316274717706,0.09946761484772801,0.01931758148916848,8.395540668161964,0.013693670258669934,21.77605528487187,64.10604030291361,3.5113879099884175,0.0,0.9260764695372521,0.0,0.10584871766175899,2.083686785527253,0.008988885901951803,208.47340498799957,0.5480200124260162,-0.21428571428571436,3.0553622593117855,0.5630219231327628,2.1646114204536357,-0.03639604415823367,-0.18221895664952242,-0.049179320095899676,-0.3485792200991283,0.10140978060055689,1.0283128931055903,Entertainment,Communication Services,IMAX
2016Q1,2016,Q1,2016-04-21,2016-03-31,9527000.0,92128000.0,16267000.0,0.14,52176000.0,0.5663424800277874,879295000.0,596057000.0,524742000.0,199235000.0,228021000.0,44564000.0,-5854000.0,2156993110.0,1954813110.0,8.591317257383357,2.6337842246593217,0.06547518182180041,0.09658807798583022,0.019222990548351287,8.591317257383357,0.01598337071790114,23.413002670197987,56.60210743151045,3.6187698659691945,0.0,0.8965083924243784,0.0,0.10477484803166173,2.365718874695711,0.010834816529151196,-492.57664078556746,0.5663424800277874,-0.5625,9.787680818079927,0.8873687155866917,2.406288641808524,-0.27415383331246607,-0.5764460054239097,-0.5343104978385961,2.198779914602566,0.7746268029571105,1.1981270632191274,Entertainment,Communication Services,IMAX
2015Q4,2015,Q4,2016-02-24,2015-12-31,22493000.0,119333000.0,34931000.0,0.32,71883000.0,0.602373190986567,931020000.0,623891000.0,589818000.0,224196000.0,253863000.0,38753000.0,19930000.0,2465196560.0,2207081560.0,8.994449570382331,2.630814109083124,0.06373010246826062,0.09510315103118974,0.039857876662369736,8.994449570382331,0.03605277203870548,20.658129436115743,27.399597208020275,3.951325728372424,0.0,1.2244213351224422,0.0,0.1281744753066529,2.3885484129957715,0.02415952396296535,87.65766667851936,0.602373190986567,1.6666666666666667,-0.5946489657068591,0.6839725031178041,2.8428115709833763,0.6957937200688858,1.6124274099883855,1.5573614466652024,0.7468232171517466,0.4104250037712538,1.4273879130908262,Entertainment,Communication Services,IMAX
2015Q3,2015,Q3,2015-10-28,2015-09-30,8610000.0,85101000.0,13659000.0,0.12,42389000.0,0.4981022549676267,713823000.0,406756000.0,361547000.0,196938000.0,219216000.0,35562000.0,-2544000.0,2355129210.0,2282324210.0,5.835894345686452,1.8358417369933684,0.062418834921262,0.10953987156919627,0.02467807355411054,5.835894345686452,0.021167481241825565,27.674518630803398,68.38354268292683,5.790029427961726,0.0,1.2010573083628593,0.0,0.11921862982840284,1.6191847180330865,0.012061813642877856,240.98324056072855,0.4981022549676267,-0.6470588235294118,0.16875978226564248,0.5237071146853416,2.702317212615653,-0.38597812703701023,-0.6464065708418891,-0.6260779107010868,-0.4566770535584534,0.02343280839972687,0.6127039211467291,Entertainment,Communication Services,IMAX
2015Q2,2015,Q2,2015-07-23,2015-06-30,24350000.0,107160000.0,36529000.0,0.34,69035000.0,0.6442235908921239,727118000.0,433283000.0,387324000.0,186025000.0,208303000.0,34186000.0,17998000.0,2812577610.0,2710750610.0,6.203671090875249,2.082107243650047,0.06127753679595334,0.10283348296609837,0.05699904729718619,6.203671090875249,0.05619883540318914,26.24652491601344,28.876566837782345,6.49131770690288,0.0,1.1152226057450418,0.0,0.14737635431938145,1.8617873941674505,0.03348837465170715,-312.0232538273796,0.6442235908921239,141.1999163529904,0.6659821944483499,0.7541303757275089,3.3287792877808253,0.9186515105194408,61.27621483375959,12.774132730015083,1.0711301639866744,0.47629789374080284,0.8624566746345017,Entertainment,Communication Services,IMAX
2015Q1,2015,Q1,2015-04-30,2015-03-31,391000.0,62211000.0,2652000.0,0.002391,35981000.0,0.5783703846586616,675840000.0,394392000.0,344414000.0,182145000.0,198225000.0,25631000.0,-6090000.0,2333069100.0,2224887100.0,5.698482878196792,1.8908781465316093,0.04758522727272727,0.0815432361711191,0.004599456757434555,5.698482878196792,0.0009913994198665287,37.50251723971645,1491.7321611253196,5.915609596543541,0.0,1.02337013772385,0.0,0.0920498934659091,1.7115869225067941,0.0005785392992424242,-106.08234892920474,0.5783703846586616,-0.9920300000000001,-0.9865976995673738,-0.2212665477667775,3.7334844273896657,-0.435539031124498,-0.981373856707317,-0.9132426066474745,-0.857230754148106,0.09036448612947756,0.841755793967229,Entertainment,Communication Services,IMAX
2014Q4,2014,Q4,2015-02-19,2014-12-31,20992000.0,102457000.0,30568000.0,0.3,63744000.0,0.6221536839845008,621533000.0,382775000.0,318573000.0,190136000.0,194846000.0,17063000.0,-6259000.0,2124962100.0,2027879100.0,5.566098096526051,1.6755006942399124,0.015156073772430426,0.024609757690549277,0.0581169133586271,5.566098096526051,0.05484161713800535,20.740038259952957,25.306808546112805,5.551465221082881,0.0,2.2688272871124657,0.0,0.16484563168810024,1.5167564269785838,0.033774554207097615,-832.6653996865203,0.6221536839845008,3.285714285714285,3.9275932442930146,0.8145750700458964,7.062865938535849,0.7985441002200778,3.321119802387814,3.4288611996522746,2.255590599060308,0.414733805608116,0.9476308351459949,Entertainment,Communication Services,IMAX
2014Q3,2014,Q3,2014-10-23,2014-09-30,4858000.0,60742000.0,6902000.0,0.07,35442000.0,0.5834842448388265,560939000.0,350036000.0,283876000.0,172716000.0,172716000.0,21439000.0,-26545000.0,1880460800.0,1786755800.0,5.111507009345795,1.6435998980986128,0.0,0.0,0.016263983281776882,5.111507009345795,0.013878572489686774,30.958164038062627,96.77134623301771,5.372192574478054,0.0,1.1800923550538738,0.0,0.10828628424837639,1.4883102897241716,0.008660478233818651,83.95289075405152,0.5834842448388265,-0.631578947368421,2.900387153052783,0.18672260472127186,6.417941947948327,-0.2584424823199565,-0.6349289847448711,-0.6477133523887301,-0.4534578228152313,-0.12985988451725164,0.8231634780861546,Entertainment,Communication Services,IMAX
2014Q2,2014,Q2,2014-07-24,2014-06-30,13307000.0,79145000.0,19592000.0,0.19,47794000.0,0.6038789563459473,538232000.0,343872000.0,274187000.0,156814000.0,156814000.0,16764000.0,-29307000.0,1943133440.0,1868046440.0,5.040042211408806,1.7484854668588263,0.0,0.0,0.04105251855376393,5.040042211408806,0.03869753861902103,24.55156282772127,36.50585105583528,5.650746324213661,0.0,1.8701383917919352,0.0,0.1470462551464796,1.6132424400882575,0.024723539291606592,290.7141591861161,0.6038789563459473,18.0,2.5407519901860165,0.31567706739370055,13.919814883113503,0.8098303544380491,21.98272884283247,23.247524752475247,5.879844710844621,0.33929930488836,0.8997913025754646,Entertainment,Communication Services,IMAX
2014Q1,2014,Q1,2014-04-24,2014-03-31,579000.0,48197000.0,808000.0,0.01,26408000.0,0.5479179202025022,478246000.0,322773000.0,211825000.0,155473000.0,155473000.0,13798000.0,-42472000.0,1855925640.0,1826233640.0,4.753092419155328,1.3624552173046123,0.0,0.0,0.002180299887177276,4.753092419155328,0.0017938303389688729,38.50707803390252,801.3495854922279,5.749940794304356,0.0,1.5791419046238586,0.0,0.10077867875528494,1.243855846352743,0.0012106740045917791,8672.549719626168,0.5479179202025022,-0.975,1.140966975759206,-0.08065543106134894,3.1074090273056356,-0.6100989221910527,-0.9791943655898523,-0.9799419109798178,1.5456369449700027,0.00877012335451186,0.8845078392281462,Entertainment,Communication Services,IMAX
2013Q4,2013,Q4,2014-02-20,2013-12-31,27829000.0,104033000.0,40283000.0,0.4,67730000.0,0.6510434189151519,481145000.0,319585000.0,234251000.0,161560000.0,161560000.0,9825000.0,-43051000.0,1995678080.0,1966132080.0,4.7208845426613095,1.4499319138400595,0.0,0.0,0.09430089512646257,4.7208845426613095,0.08707855500101694,19.183125354454837,17.92804340795573,6.244592455841169,0.0,3.6949618320610687,0.0,0.2162196427272444,1.3668234711562268,0.05783911294931881,245.68239320448112,0.6510434189151519,19.0,2.9592927530021287,1.3600452940326637,3.102528817540894,1.484775111893756,16.2958359229335,13.021232161503654,-0.4861307566384681,0.5042384342902486,1.0169627506226928,Entertainment,Communication Services,IMAX
2013Q3,2013,Q3,2013-10-24,2013-09-30,1609000.0,51742000.0,2873000.0,0.02,27258000.0,0.5268060763016505,447490000.0,284469000.0,188749000.0,158021000.0,163021000.0,14306000.0,-70880000.0,2035424160.0,2019469160.0,4.226314460176202,1.1944551673511747,0.022346868086437686,0.035153215288836394,0.007408449477451747,4.226314460176202,0.005656152339973776,39.33794905492636,316.2560845245494,7.155170370057897,0.0,1.7114497413672585,0.0,0.11562716485284587,1.0749647198790033,0.0035956110751078235,118.46258642765684,0.5268060763016505,-0.8823529411764707,1.492819848768506,-0.002246843165191921,3.0279325231271765,-0.3744721865246925,-0.8638287068381855,-0.8346855400195639,-0.7738317902908094,-0.04068010237428862,1.68119260647723,Entertainment,Communication Services,IMAX
2013Q2,2013,Q2,2013-07-25,2013-06-30,11816000.0,82293000.0,17379000.0,0.17,43576000.0,0.5295225596344768,453770000.0,277126000.0,200916000.0,158644000.0,176644000.0,12770000.0,-72489000.0,1675808560.0,1673034560.0,4.139174333851117,1.2664582335291596,0.03966767305022368,0.06495240432149997,0.04232601254032475,4.139174333851117,0.04263764497015798,20.363925971832355,35.4563422477996,6.04709973080837,0.0,3.031871574001566,0.0,0.18135398990678098,1.1571442979249136,0.026039623597857945,319.2016304761905,0.5295225596344768,3.25,1.6105387386993102,1.4484587545000431,2.966420153356016,0.673489765351972,3.130024466969591,2.8070098576122673,-0.15666290630634033,0.40524286798213927,1.8882208393096482,Entertainment,Communication Services,IMAX
2013Q1,2013,Q1,2013-04-25,2013-03-31,2861000.0,49869000.0,4565000.0,0.04,26039000.0,0.5221480278329222,432338000.0,260484000.0,178955000.0,153854000.0,171854000.0,14452000.0,-84305000.0,1732796000.0,1735638000.0,3.9084716262041233,1.1631481794428484,0.04163409184480661,0.0691021329525038,0.011931195540223243,3.9084716262041233,0.010983400132061854,34.74695702741182,151.41523942677384,6.652216642864821,0.0,1.6489067257127041,0.0,0.1153472514560367,1.0381400548572022,0.006617507598221762,-125.57402710341329,0.5221480278329222,-0.7882141155292,1.1717132311016416,0.3055222399556108,2.684500616011431,-0.4555471919039853,-0.7743512895338749,-0.710801393728223,-0.8981607458583041,-0.35174321823893784,2.2465991340112397,Entertainment,Communication Services,IMAX
2012Q4,2012,Q4,2013-02-21,2012-12-31,12679000.0,83310000.0,15785000.0,0.18887,47826000.0,0.5740727403673028,421872000.0,253079000.0,188637000.0,157793000.0,168793000.0,15794000.0,-87166000.0,1535384000.0,1525048000.0,3.705402635431918,1.1954712819960327,0.026074259491030455,0.04346468889161092,0.04715394399963582,3.705402635431918,0.05009898095061226,18.429768335133836,30.2741541131004,6.066817080832467,0.0,2.246675952893504,0.0,0.19747695983615884,1.0710868035971177,0.030054139644252284,-197.52785282387754,0.5740727403673028,-0.14149999999999996,1.7394725498218129,0.8482685421632532,2.7535230932581642,0.12017800679236444,-0.15416944629753168,-0.29810129396593893,1.996663932224501,0.4856018943064332,4.3675239242426365,Entertainment,Communication Services,IMAX
2012Q3,2012,Q3,2012-10-25,2012-09-30,14990000.0,78656000.0,22489000.0,0.22,42695000.0,0.5428066517493898,427035000.0,238581000.0,182052000.0,188454000.0,188454000.0,20841000.0,-97008000.0,1352224300.0,1352774300.0,3.618701653268618,0.9660288452354421,0.07025185289262004,0.12574345819658733,0.057960032211247015,3.618701653268618,0.06282981461222813,17.19162301668023,22.552106404269516,5.6677786579819855,0.0,1.7254930185691666,0.0,0.18419099137073075,0.8337843717830346,0.035102509162012484,41.708284753709016,0.5428066517493898,0.375,2.1966439780284723,0.5847251779241547,2.8651542118973437,0.15295293132780644,0.3528880866425993,0.4447513812154696,11.500647693738978,0.5961461703087358,4.251546900319488,Entertainment,Communication Services,IMAX
2012Q2,2012,Q2,2012-07-26,2012-06-30,11080000.0,68408000.0,15566000.0,0.16,37031000.0,0.5413255759560285,425476000.0,219247000.0,184949000.0,206229000.0,206229000.0,19647000.0,-111998000.0,1581702660.0,1613122660.0,3.3309075992829147,0.8968137361864723,0.1292669856819186,0.2508586206424717,0.04252141793284932,3.3309075992829147,0.05053660939488339,23.121603613612443,35.6882369133574,7.214249955529608,0.0,1.5970377156817834,0.0,0.16077992648233977,0.7704784487147782,0.026041421842830148,248.69538679245284,0.5413255759560285,3.0,2.530297949400883,0.5722134282599753,3.170320335631646,0.47059290735078035,3.2812982998454405,2.4271246147071777,2.0559530524688054,0.17875699100578563,9.538561339442055,Entertainment,Communication Services,IMAX
2012Q1,2012,Q1,2012-04-27,2012-03-31,2588000.0,53916000.0,4542000.0,0.04,25181000.0,0.46704132354032196,414142000.0,202357000.0,178375000.0,211785000.0,211785000.0,20541000.0,-123078000.0,1598424880.0,1631836880.0,3.094049111647962,0.8422456736784947,0.13280469017873098,0.2717968738417747,0.013310741018264993,3.094049111647962,0.012789278354591144,29.646577639290747,154.40734930448224,7.899034280998434,0.0,1.3989094980770167,0.0,0.13018723046684472,0.7302028000094435,0.006249064330591922,213.57895243185462,0.46704132354032196,-0.5714132647594556,1.3297554583375504,0.20918148876108186,3.0986664949532994,-0.26459507607838556,-0.5910886395955127,-0.5494494593790299,1.6542338363139366,0.06783925876075425,2.3718283706279464,Entertainment,Communication Services,IMAX
2011Q4,2011,Q4,2012-02-24,2011-12-31,6329000.0,71085000.0,10081000.0,0.09333,34241000.0,0.481690933389604,406236000.0,192907000.0,174384000.0,213329000.0,213329000.0,19747000.0,-125666000.0,1237275000.0,1274220000.0,2.8578814814814817,0.8174416042825869,0.1355935958408413,0.28554173772854274,0.028554567580133375,2.8578814814814817,0.03280855541789567,17.405570795526483,48.87324221835993,6.413841903093199,0.0,1.8658024003646123,0.0,0.17498449177325495,0.7102222388892274,0.015579613820537816,-185.74913676625133,0.481690933389604,-0.22225,2.4472031433961727,0.023004815546877843,3.209292430678554,-0.017672203574604813,-0.24582936129647284,-0.30128915996673133,1.4468852929009954,0.6172844784923887,2.2728076947511924,Entertainment,Communication Services,IMAX
2011Q3,2011,Q3,2011-10-27,2011-09-30,8392000.0,65907000.0,14428000.0,0.12,34857000.0,0.5288816058992216,374378000.0,181267000.0,166523000.0,193111000.0,193111000.0,21751000.0,-131995000.0,936189920.0,956929920.0,2.8036471061341914,0.8623175272252745,0.1057300375556256,0.21836848405942616,0.04117944409512465,2.8036471061341914,0.046296347377073596,14.20471148739891,27.889356530028596,5.16470135214904,0.0,1.4275205737667234,0.0,0.17604399831186662,0.7269963906768646,0.022415847085031707,-565.6736676737161,0.5288816058992216,3.0,1.4326620642188934,0.9655421104307131,4.4169894149718525,0.4039391010149831,3.5983561643835618,2.243705035971223,3.67593377821079,0.32308937525789017,2.3452872954616524,Entertainment,Communication Services,IMAX
2011Q2,2011,Q2,2011-07-28,2011-06-30,1825000.0,55758000.0,4448000.0,0.03,24828000.0,0.4452813945980846,372132000.0,170786000.0,168713000.0,201346000.0,201346000.0,17746000.0,-140387000.0,2087713680.0,2099064680.0,2.652945196967814,0.8379257596376387,0.09293207786484366,0.20249317859777732,0.01260739588956957,2.652945196967814,0.010685887602028269,37.44240611212741,285.98817534246575,12.224149988874967,0.0,1.7429279837709906,0.0,0.1498339298958434,0.7302504147090084,0.004904173787795728,-823.5556923076923,0.4452813945980846,2.5,-0.6850102841134101,-0.17846157999716178,5.904072856538206,0.20255739610578322,2.819541375872383,10.565591397849463,1.0980720330002511,0.7253477892352911,2.2603491615229463,Entertainment,Communication Services,IMAX
2011Q1,2011,Q1,2011-04-28,2011-03-31,-1003000.0,45160000.0,-465000.0,-0.02,20646000.0,0.45717449069973426,336574000.0,161892000.0,144520000.0,174682000.0,174682000.0,17146000.0,-142212000.0,2052700260.0,2052821260.0,2.52219296742331,0.8273319517752259,0.05199450937980949,0.10809675586193265,-0.0016921388901137222,2.52219296742331,-0.0061954883502581964,45.45394729849424,-511.64014456630116,12.679442220739753,0.0,1.4297212177767409,0.0,0.13417554534812554,0.7089511226113738,-0.00298002816616851,-192.99551147047762,0.45717449069973426,-1.0249815760876353,0.8883841643878077,0.4327262401302061,5.114291630574396,-0.432537173954869,-1.0185195443047323,-1.3954081632653061,0.937495131412903,0.22753690879190264,2.0870324806350213,Entertainment,Communication Services,IMAX
2010Q4,2010,Q4,2011-02-24,2010-12-31,54159000.0,69164000.0,1176000.0,0.80059,36383000.0,0.5260395581516396,349088000.0,158458000.0,161668000.0,190630000.0,190630000.0,15275000.0,-141209000.0,1900339000.0,1887449000.0,2.3405908419497785,0.8480721817132665,0.05013062608855074,0.1104393593254995,0.4164901847690071,2.3405908419497785,0.34178772924055584,27.47584003238679,8.772036965232003,11.992698380643452,0.0,2.1460556464811784,0.0,0.19812769273077277,0.7530871321407963,0.1551442616188468,610.2565831727682,0.5260395581516396,7.0059000000000005,1.6774961455199797,-0.16711990311198527,5.083311714897413,0.403177908905087,7.040231591448931,-0.8564628341266936,4.186689336386386,0.5480325009609326,2.107647534435645,Entertainment,Communication Services,IMAX
2010Q3,2010,Q3,2010-10-28,2010-09-30,6736000.0,51069000.0,8193000.0,0.1,25929000.0,0.5077248428596605,285581000.0,100458000.0,167453000.0,185123000.0,185123000.0,17630000.0,-195368000.0,1074504660.0,1050885660.0,1.576281558425256,0.9045499478724955,0.07659823307572983,0.21775269266758246,0.057133952254543055,1.576281558425256,0.0670528977284039,21.04025259942431,39.8791812648456,10.696058651376696,0.0,1.4259784458309699,0.0,0.17882492182603185,0.7922840489836487,0.023587003337056735,85.7135178685386,0.5077248428596605,-0.5,0.7615707688042974,-0.08760697648136512,2.743978897692882,-0.041087278106508876,-0.49360998346113366,-0.4238396624472574,1.5562855103754671,0.06441698916632169,1.8124483501361301,Entertainment,Communication Services,IMAX
2010Q2,2010,Q2,2010-07-29,2010-06-30,13302000.0,55598000.0,14220000.0,0.2,27040000.0,0.48634842979963305,272390000.0,91095000.0,157737000.0,119446000.0,181295000.0,11880000.0,-202105000.0,928034400.0,915818400.0,1.4331225221823674,1.3205716390670261,0.09101655714233269,0.27215544212086284,0.11915839852467637,1.4331225221823674,0.14602338218343489,16.691866613906974,17.441632837167344,10.187544870739337,0.0,2.4038720538720537,0.0,0.2041117515327288,1.1764646785995345,0.0488343918646059,34.98056539766302,0.48634842979963305,-0.5,5.9756465296237,0.04903888754817063,2.4015343718648854,-0.4401656314699793,-0.49954853273137695,-0.48071866783523226,2.902449049847503,0.3231943330828946,1.9337800165977905,Entertainment,Communication Services,IMAX
2010Q1,2010,Q1,2010-04-29,2010-03-31,26580000.0,72784000.0,27384000.0,0.4,48300000.0,0.6636073862387338,276038000.0,75911000.0,162482000.0,139763000.0,200127000.0,12165000.0,-215408000.0,1134377440.0,1150874440.0,1.2038664044658716,1.162553751708249,0.14490758518754665,0.5269328555808777,0.2324374822138396,1.2038664044658716,0.3501468825334932,15.585533084194328,10.669464258841233,14.943518594143141,0.0,2.0126592683929307,0.0,0.26367384200725985,1.054492247590564,0.09629109035712474,110.27291144162535,0.6636073862387338,5.519967400162999,13.05100240116764,0.46700840216937406,2.204823423103507,0.7166009169421047,5.580836840802179,3.1922841396203308,4.5127505415256834,0.6930678255175202,1.8165720698941141,Entertainment,Communication Services,IMAX
2009Q4,2009,Q4,2010-03-11,2009-12-31,4039000.0,53533000.0,6532000.0,0.06135,28137000.0,0.5256010311396708,247545000.0,45010000.0,133198000.0,144656000.0,202535000.0,10271000.0,-241988000.0,867812000.0,897731000.0,0.6903374233128834,0.9207913947572172,0.20198347775151992,1.110864252388358,0.08066743851524401,0.6903374233128834,0.08973561430793157,16.2107858703977,53.71453330032187,19.28042657187292,0.0,2.4725927368318565,0.0,0.21625563028944234,0.8317525716181838,0.01631622533276778,-3088.2989323843417,0.5256010311396708,2.0675,-0.6754657944738012,-0.2951103039704059,1.6646631789495385,0.5077162147679777,2.803201506591337,0.3972192513368984,1.9561464826724122,-0.20241409697232476,1.533667072557772,Entertainment,Communication Services,IMAX
2009Q3,2009,Q3,2009-11-05,2009-09-30,1062000.0,43643000.0,4675000.0,0.02,18662000.0,0.42760580161767064,308965000.0,40235000.0,195513000.0,104604000.0,268730000.0,14315000.0,-246027000.0,549449900.0,575194900.0,0.6890734714848433,1.8690776643340599,0.40275435728966064,3.092755063999006,0.021333352241709704,0.6890734714848433,0.026394929787498446,12.589645533075178,129.3431967984934,13.65601839194731,0.0,1.7450925602514844,0.0,0.1412554820125257,1.7095904554319146,0.0034372825400935383,49.91822476605796,0.42760580161767064,-0.6,-0.636239082034595,-0.15455975484176515,1.5047643701994986,-0.09640245969108605,-0.5853182350644279,-0.2768754833720031,1.060626819155214,0.4411936135303388,1.8398192315466544,Entertainment,Communication Services,IMAX
2009Q2,2009,Q2,2009-08-06,2009-06-30,2561000.0,40992000.0,6465000.0,0.05,20653000.0,0.5038300156128025,270448000.0,-18137000.0,158805000.0,103593000.0,288585000.0,17202000.0,-247089000.0,377523159.99999994,464185159.99999994,-0.39010173574516593,1.5329703744461498,0.5016195349937881,-7.47984782488835,0.04955311818389349,-0.39010173574516593,-0.141203065556597,9.209678961748633,36.85310035142522,-20.815082979544577,0.0,1.1823625159865132,0.0,0.15157072708986571,1.3384302028129313,0.009469472874637638,103.06392574392572,0.5038300156128025,1.8333333333333335,0.37708902415417367,0.07752385017928033,0.7031294038067581,0.46164189667374383,1.969341408024224,2.194169960474308,-0.3879604285136741,-0.16371132239273464,0.2788816988217951,Entertainment,Communication Services,IMAX
2009Q1,2009,Q1,2009-05-07,2009-03-31,-2642000.0,33722000.0,2024000.0,-0.06,14130000.0,0.41901429333965956,226981000.0,-98519000.0,119929000.0,100313000.0,325500000.0,15863000.0,-249651000.0,188265109.99999997,349544110.0,-2.255419976648886,1.195547934963564,0.7930179177992872,-1.827058739938489,0.02755149781689974,-2.255419976648886,0.026817162171763824,5.58285718522033,-17.814639477668432,-1.9109523036165612,0.0,1.2350753325348294,0.0,0.14856750124459756,1.00679872000638,-0.011639740771253982,-80.0106714832129,0.41901429333965956,0.712671200076621,-2.0241981639614477,0.39005164042852636,-0.9206009305050389,1.1968283582089552,0.707840318478381,1.374468085106383,0.5679716953157853,0.5720889368584936,-2.6791219598224356,Entertainment,Communication Services,IMAX
2008Q4,2008,Q4,2009-03-13,2008-12-31,-9043000.0,28065000.0,-5405000.0,-0.20882,6432000.0,0.22918225547835383,228667000.0,-96774000.0,127957000.0,165441000.0,325441000.0,19822000.0,-247009000.0,192226000.0,345209000.0,-2.245336426914153,0.7734298027695674,0.7871708641824138,-1.86000372000744,-0.060507459674411346,-2.245336426914153,0.09344452022237378,6.849314092285765,-5.314220944376865,-1.9863393060119456,0.0,1.0913631318736756,0.0,0.12273305724044134,0.6415398843092099,-0.03954658958223093,-65.3829931972789,0.22918225547835383,-3.1764,-15.51201965979764,-0.10720292419448675,-0.7303175879533895,-0.5718849840255591,-3.2918841955386804,-3.1525288729589804,-1.702234475319511,-0.4691414372164172,-2.9171342430216964,Entertainment,Communication Services,IMAX
2008Q3,2008,Q3,2008-11-06,2008-09-30,-2107000.0,33467000.0,2511000.0,-0.05,15024000.0,0.4489198314757821,238284000.0,-90527000.0,142016000.0,168811000.0,328811000.0,19052000.0,-237966000.0,257152960.0,399501960.0,-2.0840508310695705,0.841272191978011,0.7554011179936546,-1.9883570647431152,0.031486447318838824,-2.0840508310695705,0.02327482408563191,7.683776854812203,-30.51174181300427,-2.840621692975576,0.0,0.9680348519840437,0.0,0.14045005119940912,0.7111325683752836,-0.008842389753403502,-339.70007926023777,0.4489198314757821,0.8275862068965517,0.3070583307972874,0.3632907088684146,-0.14677802164972545,1.5603271983640081,0.827195932092184,1.3274220889294563,-1.8084319413109873,-0.12275217981472711,-1.3057686944809783,Entertainment,Communication Services,IMAX
2008Q2,2008,Q2,2008-08-07,2008-06-30,-12193000.0,21175000.0,-7669000.0,-0.29,5868000.0,0.27711924439197166,216439000.0,-88788000.0,128828000.0,145227000.0,305227000.0,21482000.0,-235859000.0,288518040.0,423896040.0,-2.10492875939404,0.8870802261287501,0.7392383073290858,-1.8020453214398342,-0.11002052298816345,-2.10492875939404,0.13732711627697436,13.625409208972846,-5.915649142950873,-3.2495161508311936,0.0,0.7125500418955405,0.0,0.0978335697355837,0.7188470463481309,-0.056334579257897144,-35.89872340425532,0.27711924439197166,-0.15999999999999992,-10.63545988320176,-0.5335240024979752,0.07849989931788008,-0.4210734017363852,-0.18851739935666245,-0.36459074733096086,-10.635459796473947,-0.3979255675621967,-1.058533001159722,Entertainment,Communication Services,IMAX
2008Q1,2008,Q1,2008-05-12,2008-03-31,-10259000.0,23520000.0,-5620000.0,-0.25,10136000.0,0.430952380952381,203703000.0,-95214000.0,122105000.0,138917000.0,298917000.0,21640000.0,-223666000.0,286020920.0,427959920.0,-2.3202553855151575,0.8789780948336057,0.7854572588523487,-1.6804251475623333,-0.08908297053884064,-2.3202553855151575,0.10774675993026235,12.160753401360545,-6.97,-3.0039796668557144,0.0,0.6184842883548983,0.0,0.11546221705129527,0.6964086468898695,-0.05036253761603904,237.75637572734828,0.430952380952381,0.0,-4.571428600907965,-0.4160084562222747,0.2064933358303998,2.191435768261965,-0.011536186156576611,0.34414750846073056,-9.333333403010034,-0.27155729982884746,-1.3220998822465022,Entertainment,Communication Services,IMAX
2007Q4,2007,Q4,2008-03-17,2007-12-31,-10142000.0,26662000.0,-8569000.0,-0.25,3176000.0,0.11912084614807592,207982000.0,-85370000.0,125735000.0,293352000.0,293352000.0,22050000.0,-213407000.0,275528000.0,418627000.0,-2.113118811881188,0.4286147699691838,0.7692973430393015,-1.8741946819725899,-0.1117105735300505,-2.113118811881188,0.11880051540353755,10.334108468982071,-6.79175704989154,-3.2274569520908987,0.0,1.065124716553288,0.0,0.1281937860007116,0.3459938912978265,-0.048763835331903725,-132.40172993753004,0.11912084614807592,-0.3157894736842105,-13.258366626136297,-0.40976445214477264,0.31920354666893336,-0.6716633929494469,-0.34831161925019943,-1.8639705882352942,-2.3151535492532305,-0.43342352920587907,-1.034530100168786,Entertainment,Communication Services,IMAX
2007Q3,2007,Q3,2007-11-09,2007-09-30,-7522000.0,29804000.0,-2992000.0,-0.19,9673000.0,0.324553751174339,212700000.0,-76810000.0,133120000.0,129510000.0,289510000.0,27106000.0,-203265000.0,167463475.02,311482475.02,-1.9401621754307723,1.027874295421203,0.7522331922896098,-2.0830621012888946,-0.03789539271028449,-1.9401621754307723,0.09792995703684416,5.618825493893437,-5.565789518080298,-2.1802301135268847,0.0,0.7426768981037408,0.0,0.14012223789374706,0.7945177978534476,-0.03536436295251528,-372.9698775501114,0.324553751174339,-0.7272727272727273,-1.714285728131263,0.0429590332882671,0.3936555346543033,-0.20946387708401437,-0.645591774228834,-17.355828220858896,-4.799999969688913,-0.1484667320665362,-0.421219621843683,Entertainment,Communication Services,IMAX
2007Q2,2007,Q2,2007-07-20,2007-06-30,-4571000.0,27469000.0,-163000.0,-0.11,12236000.0,0.4454475954712585,220206000.0,-63776000.0,137794000.0,123982000.0,283982000.0,27122000.0,-189718000.0,175356024.4455,319046024.4455,-1.5347538999644925,1.111403268216354,0.7265923725965686,-2.5087807325639737,-0.0017961284683530897,-1.5347538999644925,0.07167272955343702,6.383778967035567,-9.5906817132739,-2.749561346674297,0.0,0.5616473711378217,0.0,0.12474228676784466,0.8680292300495234,-0.02075783584461822,-26.613450363560478,0.4454475954712585,0.0833333333333333,-2.2222222275373484,-0.4262293892862336,0.4955524305545097,0.0743700061462815,0.04372384937238494,0.7237288135593221,-3.7500000300809453,-0.19213336526453323,-0.16796021023089752,Entertainment,Communication Services,IMAX
2007Q1,2007,Q1,2007-07-20,2007-03-31,-4780000.0,27157000.0,-590000.0,-0.12,11389000.0,0.4193762197591781,217866000.0,-58726000.0,141218000.0,116592000.0,276592000.0,26664000.0,-185147000.0,200759998.32,335507998.32,-1.4742928993664677,1.2112151777137368,0.7343963720819219,-2.7245172495998364,-0.0060366846599768775,-1.4742928993664677,0.08139495283179511,7.392569073167139,-10.499999912133891,-3.418587990327964,0.0,0.5913591359135913,0.0,0.12465001422892971,0.960631947303417,-0.021940091615947416,541.1320709433962,0.4193762197591781,0.47435279688115994,-2.970026430450664,-0.28246513696252296,0.5411100167758398,-0.3408380599606436,-0.830716200689391,-1.0884292565947242,-5.000000050209205,0.22756734795470906,-0.25543284340653394,Entertainment,Communication Services,IMAX
