Quarters,Year,Quarter,FillingDate,Date,NetIncome,Revenue,OperatingIncome,EPSDiluted,GrossProfit,GrossProfitRatio,TotalAssets,CommonStockEquity,CurrentAssets,CurrentLiability,TotalLiability,Inventory,RetainedEarnings,MarketCap,EnterpriseValue,bookValuePerShare,currentRatio,debtToAssets,debtToEquity,roic,shareholdersEquityPerShare,roe,priceToSalesRatio,peRatio,pbRatio,payoutRatio,inventoryTurnover,dividendYield,assetTurnover,quickRatio,returnOnAssets,priceToFreeCashFlowsRatio,grossProfitMargin,epsdilutedGrowth,fiveYNetIncomeGrowthPerShare,fiveYRevenueGrowthPerShare,fiveYShareholdersEquityGrowthPerShare,grossProfitGrowth,netIncomeGrowth,operatingIncomeGrowth,threeYNetIncomeGrowthPerShare,threeYRevenueGrowthPerShare,threeYShareholdersEquityGrowthPerShare,Industry,Sector,Symbol
2023Q1,2023,Q1,2023-04-28,2023-03-31,212035000.0,705088000.0,187943000.0,0.56,429374000.0,0.6089651221,20102526000.0,11137288000.0,219085000.0,453428000.0,8432522000.0,0.0,1619131000.0,22700452560.0,30193940560.0,29.437178762571772,0.48317483701932834,0.4929751116849693,0.8898077341629309,0.008786105695470106,29.437178762571772,0.01903829729463762,32.19520479713171,26.764982856603865,2.038238802839614,1.122951399533096,0.0,0.010488997933880839,0.03507459709292255,0.9389340755312862,0.010547679430933207,67.98700354004565,0.608965122084052,0.33333333333333354,-0.026823519202570815,0.0828220625251556,0.05227071224719522,-0.08318653607582639,0.3333857376430638,-0.22453922422151895,-0.32520074883651706,0.014894494183621128,0.038741171979470815,REIT—Residential,Real Estate,EQR
2022Q4,2022,Q4,2023-02-16,2022-12-31,159020000.0,699703000.0,242363000.0,0.42,468333000.0,0.6693311305,20218262000.0,11173439000.0,137172000.0,536914000.0,8517310000.0,0.0,1658837000.0,22283651000.0,29964252000.0,29.583702464196733,0.2554822560037548,0.38254870769802074,0.6922192889762946,0.012598923156141306,29.583702464196733,0.014231965646386936,31.847299497072328,35.03278046786568,1.9943413124643183,1.4784555401836248,0.0,0.010550515263409933,0.03460747516280084,0.6200117709726325,0.0078651666498337,88.98972872164117,0.6693311304939381,-0.5116279069767442,0.23328440372273118,0.07930107719952566,0.06129685209041261,0.052525951712622004,-0.5077161210432629,0.14211729224099337,-0.46070263285165003,0.005379547279765779,0.06443048824739557,REIT—Residential,Real Estate,EQR
2022Q3,2022,Q3,2022-10-28,2022-09-30,323025000.0,695099000.0,212205000.0,0.86,444961000.0,0.6401404692,20265405000.0,11044727000.0,121467000.0,657747000.0,8633131000.0,0.0,1737107000.0,25264637000.0,33027588000.0,29.38599707330052,0.1846713097893263,0.3852742641955589,0.7069200533431022,0.01106924881083139,29.38599707330052,0.029246988178159586,36.34681822301572,19.553159198204472,2.2874840636622342,0.7301199597554369,0.0,0.009335063868125238,0.03429978330065449,0.4577732775672105,0.015939725852999236,68.69385185950526,0.6401404691993514,0.45762711864406785,1.281832414310012,0.08748668537543454,0.051199981393703284,0.006093617867979903,0.4414259641857912,0.07104462244295383,0.1929992789320727,0.0008105175139325446,0.06999674375804917,REIT—Residential,Real Estate,EQR
2022Q2,2022,Q2,2022-07-29,2022-06-30,224101000.0,687030000.0,198129000.0,0.59,442266000.0,0.6437360814,20574345000.0,10890089000.0,118651000.0,616052000.0,9071476000.0,0.0,1649960000.0,27138037180.0,35371583180.0,28.980807357711786,0.19259900138300012,0.40237276083394147,0.7601917670277993,0.0101586913036979,28.980807357711786,0.020578436044002946,39.50051261225856,30.27433744159999,2.4919940672661167,1.0519319414014217,0.0,0.008686663609324453,0.03339255757595199,0.34783102725094633,0.010892254407126933,99.2108517615404,0.6437360813938255,2.1052631578947367,0.11590941766160272,0.09500435693789087,0.03306297941217043,0.1139107241354124,1.9856646105064015,0.3231711389226516,-0.2851542961779414,0.011337500427754643,0.05705219913881152,REIT—Residential,Real Estate,EQR
2022Q1,2022,Q1,2022-04-29,2022-03-31,75059000.0,653348000.0,149738000.0,0.19,397039000.0,0.6076991129,20830237000.0,10813867000.0,111700000.0,587126000.0,9299744000.0,0.0,1661705000.0,33765769280.0,42196073280.0,28.79789033019182,0.19024877113260186,0.40668975585827466,0.7833871084229166,0.007612417609445087,28.79789033019182,0.006940995297981749,51.681139729516275,112.46409251388907,3.122450949322754,3.0297632529077125,0.0,0.006734956876421563,0.03136536564610379,0.32570862131808165,0.0036033675468982902,102.07830898202144,0.6076991128770579,-0.8680555555555556,-0.4902031774589962,0.05587805493620106,0.02696178434314142,-0.030988246090165376,-0.8662879354696196,-0.7667207263629041,-0.2933787554232834,-0.029434444947429805,0.05928252342517155,REIT—Residential,Real Estate,EQR
2021Q4,2021,Q4,2022-02-17,2021-12-31,561348000.0,645130000.0,641883000.0,1.44,409736000.0,0.6351216034,21169241000.0,10954948000.0,360236000.0,725055000.0,9483056000.0,0.0,1827063000.0,33928178500.0,42458134500.0,29.22122076196929,0.4968395501030956,0.40879065999579295,0.7899433205890161,0.03220776910823932,29.22122076196929,0.051241502926348895,52.59122734952645,15.110136002978544,3.0970643128566198,0.4038653384353378,0.0,0.006682026858588946,0.03047487626032506,0.34656681217286966,0.026517152882335273,144.59304015410447,0.6351216033977648,0.29729729729729715,0.9726317479018155,0.038069363690451954,0.04342016070596538,0.06131625844419578,0.2995640709247114,0.2307124478002278,3.70775057843628,-0.02867242734451561,0.05831090024772671,REIT—Residential,Real Estate,EQR
2021Q3,2021,Q3,2021-10-29,2021-09-30,431951000.0,623206000.0,521554000.0,1.11,386064000.0,0.619480557,20663015000.0,10662557000.0,226749000.0,486605000.0,9329432000.0,0.0,1527115000.0,30289003360.0,38707305360.0,28.486051593874564,0.4659816483595524,0.4093308261161307,0.7932439657766894,0.02682030969760353,28.486051593874564,0.04051101438426074,48.6019123050805,17.530346821745987,2.8406885290273243,0.523950633289424,0.0,0.0074720517314505654,0.030160458190636747,0.08160006576175749,0.02090454853756821,84.97954240279216,0.6194805569907863,0.35365853658536606,1.0225780286528139,0.0029964630863826003,0.02817544071086402,0.04778576604597009,0.36526584614995605,0.3840050524885629,0.9759459155377385,-0.06144730519434147,0.02425308379901678,REIT—Residential,Real Estate,EQR
2021Q2,2021,Q2,2021-07-30,2021-06-30,316386000.0,598059000.0,376844000.0,0.82,368457000.0,0.6160880448,20464346000.0,10433991000.0,392501000.0,1044830000.0,9382176000.0,0.0,1321875000.0,28783524000.0,37309103000.0,27.91240249109178,0.37566015524056545,0.41853626790712,0.8208815782954001,0.019497634946834378,27.91240249109178,0.030322625350165628,48.12823483970645,22.74399309703969,2.7586303265931513,0.7125694562970548,0.0,0.007832501677001051,0.02922443746797479,0.037797536441334954,0.015460352361126029,153.55471384063847,0.6160880448250089,4.466666666666667,0.41184844913724716,-0.018680975690093346,-0.08702409569060124,0.04989058208053615,4.498635707954604,1.7799055768663323,1.7412158992270743,-0.07996081237756943,0.006012012274493954,REIT—Residential,Real Estate,EQR
2021Q1,2021,Q1,2021-04-30,2021-03-31,57539000.0,597602000.0,135560000.0,0.15,350948000.0,0.5872604175,20169015000.0,10314800000.0,97836000.0,886007000.0,9207251000.0,0.0,1231808000.0,26666416400.0,34985357400.0,27.70710218115397,0.11042350681202293,0.4142192367847414,0.809942412843681,0.007122401102442829,27.70710218115397,0.005578295265056036,44.622368064363904,115.86235596725699,2.5852577267615464,3.9117989537531064,0.0,0.008440616715187872,0.02962970675563482,0.04001435654571578,0.0028528413509534304,85.19186367470033,0.5872604174684823,-0.7727272727272727,-0.9842936020086667,-0.05463266200811887,-0.0869490262063166,-0.09999256293933154,-0.772443604264878,-0.6198605744154613,-0.7316139617208753,-0.0673055883959364,-0.009573152997303302,REIT—Residential,Real Estate,EQR
2020Q4,2020,Q4,2021-02-18,2020-12-31,252856000.0,613435000.0,356606000.0,0.66,389939000.0,0.6356647404,20286891000.0,10525651000.0,99728000.0,820354000.0,9184454000.0,0.0,1399715000.0,22047121200.0,30377916200.0,28.301227430999017,0.12156703081840278,0.4127486069698901,0.795521911186301,0.018517382860209514,28.301227430999017,0.024022837162280986,35.94043574298826,21.79809970892524,2.0946087990187023,0.8900006327712215,0.0,0.010207319039911658,0.030237999504211858,0.05191783059508456,0.012464009394046629,120.30449031708874,0.6356647403555389,1.7500000000000002,0.20965662481914432,-0.14661218611037166,-0.016579075944082405,-0.010053338546175542,1.7699318624980829,0.9549695740365112,0.991477460856043,-0.03907815226297349,0.015288861127668165,REIT—Residential,Real Estate,EQR
2020Q3,2020,Q3,2020-10-30,2020-09-30,91286000.0,622433000.0,182410000.0,0.24,393899000.0,0.6328375906,20623978000.0,10517480000.0,235214000.0,456517000.0,9575906000.0,0.0,1371938000.0,19088035770.0,27636116770.0,28.282755486475075,0.5152360153072065,0.4231198268345709,0.8297057850359592,0.00929372817028681,28.282755486475075,0.008679455534976059,30.666811962090698,52.27536470543128,1.8148868141417906,2.464934382052012,0.0,0.011788221832318998,0.030180065164925992,0.390638245673217,0.004426207204061215,52.75153039397758,0.6328375905519148,-0.6470588235294118,-0.5462399092775537,-0.12599907840212374,-0.01865891192249593,-0.08487944725556067,-0.6500950599490969,-0.4888887020894452,-0.3482570138725489,-0.015774816370435027,0.011734669645021133,REIT—Residential,Real Estate,EQR
2020Q2,2020,Q2,2020-08-03,2020-06-30,260888000.0,653532000.0,356889000.0,0.68,430434000.0,0.6586272746,20714951000.0,10597673000.0,245533000.0,409573000.0,9540780000.0,0.0,1505694000.0,21868981900.0,30433559900.0,28.50407617100822,0.599485317635684,0.422496485750799,0.8258411068165624,0.018122350906270058,28.50407617100822,0.02461747970521453,33.46275607009297,20.956293409432398,2.0635645108128924,0.8622857318082855,0.0,0.01028671572497849,0.03154880742899174,0.45758875707138896,0.01259418861285262,101.04693518278934,0.658627274563449,-0.15,-0.10952248432392503,-0.05919926493231357,-0.01335297219008229,-0.024118511263467188,-0.15462434301342165,-0.1545098540898204,0.3129756014284664,0.052747957138040966,0.016069203702756503,REIT—Residential,Real Estate,EQR
2020Q1,2020,Q1,2020-05-07,2020-03-31,308606000.0,682329000.0,422109000.0,0.8,441072000.0,0.6464213012,20919318000.0,10530367000.0,140770000.0,1076458000.0,9795290000.0,0.0,1469821000.0,22930325220.0,31811407220.0,28.339281773605826,0.130771474595386,0.4284755841466725,0.8511970190592597,0.021288913144107094,28.339281773605826,0.029306291034301084,33.60596606622318,18.575728615127378,2.1775428358764706,0.6869989565983811,0.0,0.009245922068958776,0.03261717231890638,0.07648696001144495,0.014752201768719228,67.88960536950903,0.64642130116117,0.06666666666666672,0.6521837081188389,0.0005687390839088279,-0.004009681063084627,-0.0353325591008405,0.06502533095898731,0.032172479899841545,1.1181874869259054,0.11436819899827981,0.010607341146557198,REIT—Residential,Real Estate,EQR
2019Q4,2019,Q4,2020-02-20,2019-12-31,289764000.0,683919000.0,408952000.0,0.75,457227000.0,0.6685396955,21172769000.0,10315506000.0,116999000.0,1397361000.0,10164843000.0,0.0,1386495000.0,30033862600.0,39356399600.0,27.79298675755412,0.08372854258849359,0.4424688145419241,0.9081755175170273,0.020639011107761496,27.79298675755412,0.02809013925250007,43.914356232243875,25.91234815228945,2.911525871828294,0.7298767272677075,0.0,0.007041784895160304,0.03230182126863047,0.0327424337733771,0.013685692220984416,97.5705129996069,0.6685396954902554,0.08695652173913052,-0.1920752407054861,0.0036446527288100253,-0.02959886409353258,-0.007523448370172762,0.08482774628799053,0.11018750525975736,0.028525151978788018,0.11157931012975579,-0.00757867218167768,REIT—Residential,Real Estate,EQR
2019Q3,2019,Q3,2019-10-30,2019-09-30,267106000.0,685145000.0,368363000.0,0.69,460693000.0,0.6724021922,21054056000.0,10182636000.0,84596000.0,797944000.0,10152058000.0,0.0,1308423000.0,31982447680.0,41278918680.0,27.46363224442239,0.10601746488475382,0.4429193120793447,0.9157990131435514,0.018547826322786648,27.46363224442239,0.026231518046996867,46.67982351181137,29.93422805927235,3.1408809742388906,0.793666184960278,0.0,0.0066284170030103205,0.032542185695715826,0.036063934311179734,0.012686676619459927,90.39569163804921,0.6724021922366799,-0.13750000000000012,0.17416325552761724,0.005680707535470106,-0.04362280563816293,0.03470480032162357,-0.13548975945729008,-0.002429182689703732,0.2626451360609932,0.11321008815503752,-0.008727759501002234,REIT—Residential,Real Estate,EQR
2019Q2,2019,Q2,2019-08-02,2019-06-30,308968000.0,669517000.0,369260000.0,0.8,445241000.0,0.6650182146,20990711000.0,10153529000.0,309468000.0,391429000.0,10175125000.0,0.0,1252809000.0,28197839880.0,37358607880.0,27.416628413736493,0.7906108131998396,0.4483907667539227,0.9269723856601976,0.01858703385186465,27.416628413736493,0.03042961713114721,42.116689912280044,22.816149148131846,2.7771467319392102,0.6828118122265089,0.0,0.007481672386884977,0.03189587051148482,0.6419376183164763,0.01471927272973269,105.29715070968994,0.6650182146233777,1.962962962962963,1.671176080739839,-0.0004368665727130673,-0.03863769113150889,0.03644206282327636,1.9555285587197122,0.7586405612257048,0.39166465121640365,0.10886344871629676,-0.10324017693803439,REIT—Residential,Real Estate,EQR
2019Q1,2019,Q1,2019-05-06,2019-03-31,104539000.0,662494000.0,209969000.0,0.27,429586000.0,0.6484375708,20768811000.0,10046886000.0,93506000.0,790174000.0,10069744000.0,0.0,1155032000.0,27709458840.0,36914974840.0,27.18622246034452,0.11833596144646621,0.4446526572946328,0.9191810278329027,0.010709221568663956,27.18622246034452,0.010405114579781237,41.82597705035819,66.26584059537589,2.7580146564816204,1.9107605773921694,0.0,0.007208693650546947,0.03189850396346714,0.03719560501864146,0.005033460991098624,82.14907736868787,0.6484375707553578,-0.09999999999999991,0.2885350994620004,0.020144311408980382,-0.05558136165918652,-0.009154547865899367,-0.10793006050159147,-0.04257521454041385,-0.9712538473951218,0.05574151038251252,-0.10411392974638947,REIT—Residential,Real Estate,EQR
2018Q4,2018,Q4,2019-02-21,2018-12-31,117187000.0,652743000.0,219306000.0,0.3,433555000.0,0.6642047483,20394209000.0,10173204000.0,116313000.0,870877000.0,9615454000.0,0.0,1261763000.0,24321054450.0,33091551450.0,27.611187558522982,0.13355847036952406,0.4323746510590335,0.8667809079617395,0.011537398276303248,27.611187558522982,0.011519183140336122,37.25977061416208,51.885137536586825,2.390697606181887,1.7107955660610819,0.0,0.008243187005405515,0.03200629158993124,0.05447612004909993,0.005746091942080225,94.02748193567592,0.664204748269993,-0.46428571428571436,0.6992776093746761,0.010633848350266206,-0.0541923567583762,0.001996806034791572,-0.45478442520366436,-0.013734484619535888,-0.4341005021962678,-0.08337618599193514,-0.0405568221630511,REIT—Residential,Real Estate,EQR
2018Q3,2018,Q3,2018-10-30,2018-09-30,214937000.0,652867000.0,222360000.0,0.56,432691000.0,0.6627552013,20542150000.0,10235424000.0,88750000.0,957844000.0,9693820000.0,0.0,1344825000.0,24304569120.000004,33095367120.000004,27.811536078776616,0.09265600661485586,0.429545738883223,0.8620837788449214,0.011652284654641859,27.811536078776616,0.020999325479823798,37.22744313926114,28.26941047841926,2.3745542070362693,0.9288396134681325,0.0,0.008214175656202704,0.031781824200485344,0.034447154233883594,0.010463218309670605,79.95318558481505,0.6627552012890834,0.8666666666666669,-0.4428882931896986,0.014051037870274154,-0.05583174439876632,0.02267323409706498,0.8920177461664407,0.02162147261249506,0.07954914005884536,-0.07369691124489923,-0.03500905031319049,REIT—Residential,Real Estate,EQR
2018Q2,2018,Q2,2018-08-02,2018-06-30,113602000.0,639808000.0,217654000.0,0.3,423098000.0,0.6612890117,20406582000.0,10208437000.0,88877000.0,762392000.0,9600313000.0,0.0,1329600000.0,23433461700.0,32171723700.0,27.745595629603457,0.11657651182069066,0.42989899043357677,0.8593645628610922,0.011440351320565846,27.745595629603457,0.011128246175198024,36.62577163774132,51.569210269185405,2.2954994677441807,1.7570377282090104,0.0,0.008517862301155445,0.03135302129479596,0.04526149277537015,0.005566929336818876,85.83905704541874,0.6612890117035111,-0.4545454545454546,-0.6580652268828846,-0.0152157719386471,-0.0332866220658162,0.0333173772029229,-0.46365829591754837,0.10557782078437947,-0.6081740668645638,-0.06928052575878428,-0.039607202193502715,REIT—Residential,Real Estate,EQR
2018Q1,2018,Q1,2018-05-03,2018-03-31,211809000.0,633016000.0,196869000.0,0.55,409456000.0,0.6468335713,20383870000.0,10289172000.0,94711000.0,678346000.0,9504210000.0,0.0,1415638000.0,22663836000.0,31278860000.0,27.974910277324632,0.13962048865917984,0.42482006606203826,0.8416106757667187,0.010379625955951294,27.974910277324632,0.02058562146691687,35.80294336951989,26.75032222426809,2.2026880297073466,0.8793630110146405,0.0,0.008218246902245499,0.031054750643523532,0.06553145444949922,0.010391010146748385,70.51773535122219,0.6468335713473277,0.6666666666666667,-0.8089997931493876,0.07745375621769023,-0.06731582684843888,-0.04577953856909811,0.6885014588415364,-0.08332402078560652,0.14562194116070973,-0.0621989156921927,-0.016815597800559225,REIT—Residential,Real Estate,EQR
2017Q4,2017,Q4,2018-02-22,2017-12-31,125442000.0,630704000.0,214764000.0,0.33,429100000.0,0.680350846,20570599000.0,10242464000.0,100762000.0,665386000.0,9729781000.0,0.0,1403530000.0,23431776340.0,32338420340.0,27.87504966770266,0.1514339045306033,0.4354414278359128,0.8745250166366219,0.011205566762420113,27.87504966770266,0.01224724831837339,37.15178013775083,46.69842704197956,2.287708928242267,1.4818083257601122,0.0,0.007932859946374856,0.030660458647801165,0.07611672021954174,0.006098120915195518,97.81621438620074,0.6803508460387123,-0.08333333333333326,-0.18698472921662815,0.037055926644045695,0.18691105886468826,0.03534055731289193,-0.09250591409906748,-0.013876006722195182,-0.6467062307556326,-0.06509515471954704,-0.026733611002218605,REIT—Residential,Real Estate,EQR
2017Q3,2017,Q3,2017-11-01,2017-09-30,138229000.0,624122000.0,217786000.0,0.36,414453000.0,0.6640576682,20697833000.0,10259269000.0,94176000.0,663208000.0,9823516000.0,0.0,1464249000.0,24196046280.000004,33141753280.000004,27.954716127696216,0.14200069962967876,0.4344547566887799,0.8765022147289442,0.011294842806943048,27.954716127696216,0.013473572044947842,38.76813552478522,43.76079961513142,2.3584571454359957,1.3385252009346809,0.0,0.0076468278271122556,0.03015397795508351,0.07021175860363567,0.006678428606511609,68.66464123957093,0.6640576682123046,-0.2941176470588236,-0.4981044014310571,-0.07854968330659295,0.4061230070273859,0.025690965966461424,-0.2948974959319734,0.044121524764721955,-0.38611796887084116,-0.07447526218228803,-0.0265215925756729,REIT—Residential,Real Estate,EQR
2017Q2,2017,Q2,2017-08-04,2017-06-30,196041000.0,612480000.0,208583000.0,0.51,404072000.0,0.65973093,20636575000.0,10290505000.0,313113000.0,1142821000.0,9730199000.0,0.0,1511899000.0,24147760600.0,33074130600.0,28.053282263780602,0.27398253969781794,0.4343787183677524,0.8711029244920439,0.010821274528284092,28.053282263780602,0.019050668553195396,39.426202651515155,30.794273391790494,2.3466059828939394,0.9473273447901205,0.0,0.007690775267997316,0.0296793435926262,0.033005168788462935,0.0094996868424145,121.96085072425706,0.6597309299895506,0.34210526315789475,0.5536225634386372,-0.07824513772197328,0.430931143989115,0.01650264646098734,0.3638393788871728,0.0206095776798078,0.7111413482560678,-0.07681127068115857,-0.016313464899454694,REIT—Residential,Real Estate,EQR
2017Q1,2017,Q1,2017-05-04,2017-03-31,143742000.0,604100000.0,204371000.0,0.38,397512000.0,0.658023506,20608338000.0,10280276000.0,186223000.0,746350000.0,9733179000.0,0.0,1501654000.0,22810163100.0,31697949100.0,28.041832490009682,0.2495116232330676,0.4333161170007984,0.8686464254461651,0.010617567688905311,28.041832490009682,0.013982309424377322,37.7589192186724,39.67205670576449,2.21882788944577,1.2929206494970156,0.0,0.008147552439026621,0.02931337791528846,0.05646010584846252,0.006974943830987244,92.92822903935468,0.6580235060420461,-0.4794520547945205,-0.19367424026309163,-0.06686396231230887,0.4392010037047944,-0.03495189471460929,-0.48154373309287646,-0.08791449100727451,0.7860179495124031,-0.06228098480917425,-0.025858436366943672,REIT—Residential,Real Estate,EQR
2016Q4,2016,Q4,2017-02-23,2016-12-31,277250000.0,605489000.0,224070000.0,0.73,411909000.0,0.6802914669,20704148000.0,10229078000.0,219088000.0,420722000.0,9801072000.0,0.0,1543626000.0,23507876160.0,32417927160.0,28.005229209102655,0.5207429133727259,0.4340800693658102,0.8785990291598128,0.011644100621186478,28.005229209102655,0.027104104592808854,38.82461309784323,21.197363534715958,2.298142233346935,4.6199711451758345,0.0,0.05448756796581661,0.029244816062945454,0.1835107267982183,0.013391036424198668,100.6825969976658,0.6802914668970039,0.35185185185185175,5.22201416642836,-0.042898783273390396,0.46142053992766785,0.027209612018015052,0.3309107317728835,0.10815475690031207,3.055381931760142,-0.054343999449480956,-0.04069465391296709,REIT—Residential,Real Estate,EQR
2016Q3,2016,Q3,2016-11-02,2016-09-30,208316000.0,606074000.0,202201000.0,0.54,400998000.0,0.6616320779,21297744000.0,10115505000.0,710149000.0,1600599000.0,10517051000.0,0.0,1451452000.0,23487461970.0,31468662970.0,27.705438649827858,0.4436770234143593,0.3990463496978835,0.8401742671275433,0.010840198629326355,27.705438649827858,0.02059373209740888,38.75345579912684,28.187299547322336,2.3219267817078832,0.8876274506038903,0.0,0.007872583263197085,0.028457192461323604,0.32337018828576053,0.00978112986990547,83.98457423908691,0.6616320779310777,-0.05263157894736828,0.5650624626096049,-0.04079272745466178,0.42896752797125937,0.0013909664594784251,-0.04808557889590064,-0.2183776972020998,-0.4557329378766652,-0.05110300056795663,-0.059433624716724316,REIT—Residential,Real Estate,EQR
2016Q2,2016,Q2,2016-08-04,2016-06-30,218839000.0,595154000.0,258694000.0,0.57,400441000.0,0.6728359383,21229922000.0,11160578000.0,637141000.0,436207000.0,9344994000.0,0.0,2524788000.0,25144437360.0,33157588360.0,30.57298923152361,1.4606391002436916,0.40089615025434383,0.7625943745924271,0.013126994715444668,30.57298923152361,0.01960821383982084,42.24862365034932,28.724812944676223,2.2529690989122604,0.8445660965367233,0.0,0.007350492570337632,0.028033734650555947,1.1412998874387619,0.010308045408739608,115.8986197868653,0.6728359382613576,-0.939297124600639,-0.6822495893630395,-0.035448575002981195,0.566600294292604,-0.01424326792655338,-0.939003968495088,0.19420196191575304,-0.33610648002622723,-0.07671199811284163,0.0652255618552033,REIT—Residential,Real Estate,EQR
2016Q1,2016,Q1,2016-05-05,2016-03-31,3587758000.0,619083000.0,216625000.0,9.39,406227000.0,0.6561753432,21301292000.0,11063772000.0,669145000.0,476534000.0,9471497000.0,0.0,2490861000.0,27355337760.0,35571106760.0,30.345624698292887,1.4041915162401843,0.4029717070682849,0.7758491407812814,0.011024488399589319,30.345624698292887,0.32427982066152483,44.18686631679436,1.9061582302931248,2.472514596287776,0.870578506131127,0.0,0.11417972709396368,0.029063166684912822,0.7723457297905291,0.16842912627083842,179.9349976649192,0.6561753432092304,16.38888888888889,21.635694014968532,-0.04472073539458209,0.6837193613455261,-0.15744487562663725,16.545250041567638,-0.24511436974672782,2.26375206176585,0.0630101726601826,0.011723848259706614,REIT—Residential,Real Estate,EQR
2015Q4,2015,Q4,2016-02-25,2015-12-31,204486000.0,703193000.0,286964000.0,0.54,482137000.0,0.6856396466,23157328000.0,10470368000.0,2336250000.0,868999000.0,11894190000.0,2181135000.0,2009091000.0,29684726520.0,40610948520.0,28.778345811757205,2.6884380764534828,0.47365127790218287,1.0475752141663024,0.01337147707861711,28.778345811757205,0.019529972585490787,42.2141951356171,36.29188125348435,2.835117783825745,0.9877448822902302,0.10134906826033235,0.006804172504803659,0.030365895409004008,0.048649077847040104,0.008830293374088754,129.15612227849422,0.6856396465835126,0.03846153846153849,4.41988999506405,0.16107170412476693,0.5983949491948942,0.028339554228431266,0.039625404185223596,0.11441897313020144,0.3384803206768941,0.16773368569136296,0.22537313142021792,REIT—Residential,Real Estate,EQR
2015Q3,2015,Q3,2015-11-05,2015-09-30,196692000.0,696289000.0,257501000.0,0.52,468850000.0,0.6733554602,23008804000.0,10478534000.0,227111000.0,578192000.0,11781555000.0,0.0,2007590000.0,27312054480.0,38078007480.0,28.82051493623119,0.3927951268782688,0.4695297938997611,1.0309952709033534,0.01208030289171194,28.82051493623119,0.018770946393837154,39.22517012332523,34.7142416570069,2.6064766769855403,1.0267829906656092,0.0,0.00739453709525553,0.030261851072311278,0.06462559149901763,0.008548553849213545,85.35657199289946,0.673355460160939,-0.30666666666666664,4.313782468028788,0.026688684659589623,0.715876270073761,0.02773807749300739,-0.3132742126946442,0.04596968121405128,-0.2791192023636331,0.037658639415435895,0.44967271143421284,REIT—Residential,Real Estate,EQR
2015Q2,2015,Q2,2015-08-06,2015-06-30,286420000.0,679112000.0,246184000.0,0.75,456196000.0,0.6717537019,23081830000.0,10500764000.0,248479000.0,489268000.0,11748919000.0,0.0,2012909000.0,25505110920.0,36240908920.0,28.88984142006625,0.5078586786791697,0.4691095550049541,1.0311542093508625,0.011529257559654699,28.88984142006625,0.027276110576335208,37.55656050842865,22.261984952168145,2.428881452816195,0.7047901682843377,0.0,0.007914727390646454,0.029421930583493596,0.1882587865954855,0.012408894788671436,95.6124943112594,0.6717537018930604,0.5625000000000001,21.325841191899766,0.03200424044728654,0.671705313205062,0.054510487409099105,0.5692354894204534,0.14094507164970432,1.2907580300609345,0.03143578876501912,0.4736020350193566,REIT—Residential,Real Estate,EQR
2015Q1,2015,Q1,2015-05-06,2015-03-31,182522000.0,666371000.0,215772000.0,0.48,432614000.0,0.6492089242,23029048000.0,10331362000.0,303877000.0,966560000.0,11813593000.0,0.0,1928449000.0,28270810280.0,39080900280.0,28.453370715344068,0.31439020857473926,0.4715569657938096,1.0511206557276767,0.010179969522822884,28.453370715344068,0.01766678972240059,42.425030921213555,38.722469455736835,2.7364069016263293,0.9987782294737073,0.0,0.006448311816834137,0.028936107128701108,0.05112771064393312,0.00792572927895239,96.17786536845578,0.649208924157864,-0.4782608695652174,1.5426626041794935,0.05394048854859918,0.5900857647516524,-0.0456152890747886,-0.4782447123259477,-0.13880662542406705,0.03375255806474358,0.039266054514641116,0.4603225273133228,REIT—Residential,Real Estate,EQR
2014Q4,2014,Q4,2015-02-26,2014-12-31,349823000.0,664660000.0,250550000.0,0.92,453291000.0,0.6819892878,22950614000.0,10368456000.0,160468000.0,764696000.0,11742105000.0,0.0,1950639000.0,26007373120.0,36812154120.0,28.640719522233702,0.20984548108006318,0.4725303209752907,1.0459475354864793,0.011802609815099518,28.640719522233702,0.03373916039186548,39.12883748081726,18.586094339137222,2.508316871865975,0.520637579575957,0.0,0.007003052525129457,0.02896044524124714,0.052412985029344994,0.01524242445104083,108.57033830945463,0.681989287756146,1.9677419354838712,13.779794606987709,0.08189550408477088,0.5528503282651374,0.021602141958864653,0.5775984919546865,0.060547056881386355,6.920908466436889,0.06003046727812759,0.49458286792007405,REIT—Residential,Real Estate,EQR
2014Q3,2014,Q3,2014-11-06,2014-09-30,221744000.0,664078000.0,236246000.0,0.31,443706000.0,0.6681534398,23008094000.0,10378336000.0,162418000.0,923808000.0,11860523000.0,0.0,1915344000.0,22255566220.0,33181694220.0,28.71631863069265,0.1758135889708684,0.4762500535681052,1.0558153060374997,0.011048278810858278,28.71631863069265,0.021366045578019445,33.513482181310025,25.091508924705966,2.144425293226197,0.8196749404718955,0.0,0.008166855797030357,0.028862799326184952,0.03407417991617306,0.009637651862861826,89.80428055507357,0.6681534398067697,0.03333333333333337,0.23476079593271323,0.020458801056762906,0.58447647300951,0.02664093736117281,0.967734492856509,0.03478695073235686,0.6830014878618196,0.06176762110303091,0.48110583502314835,REIT—Residential,Real Estate,EQR
2014Q2,2014,Q2,2014-08-07,2014-06-30,112690000.0,652568000.0,228304000.0,0.3,432192000.0,0.6622941977,22991402000.0,10289738000.0,205809000.0,434520000.0,11922733000.0,0.0,1875732000.0,22730967000.0,33736878000.0,28.518518107918595,0.47364678265672466,0.4820081437399946,1.0769995309890301,0.01061961647037139,28.518518107918595,0.010951687982726091,34.833100918218484,50.42809255479634,2.2090909408966484,1.6114739550980566,0.0,0.007988969409000506,0.028383132094336832,0.17520942649360213,0.004901397487634725,84.58695191066093,0.6622941976928075,0.42857142857142855,2.6754658785560723,-0.022913121297042836,0.5789744915060691,0.07511784972449906,0.4240222404751374,0.14580531186638027,-0.8344541875837412,0.07002327698815375,0.46132648405174387,REIT—Residential,Real Estate,EQR
2014Q1,2014,Q1,2014-05-08,2014-03-31,79135000.0,633442000.0,199252000.0,0.21,401995000.0,0.6346200599,22889631000.0,10376561000.0,172285000.0,725737000.0,11764797000.0,0.0,1944798000.0,20903655300.0,31809728300.0,28.786198574083834,0.23739316033218646,0.4780890526369779,1.0546154935146625,0.009320957762696376,28.786198574083834,0.0076263224395828255,33.0001094022815,66.03795823592596,2.014507051035502,2.973627345675112,0.0,0.011257265613253775,0.02767375323787439,0.05127063936384668,0.003457242277081706,64.52701418728701,0.63462005992656,0.16666666666666666,-0.2600524911373752,-0.07104430664746872,0.5731697961444053,-0.03547435097653438,0.1746849347603426,-0.09745568857664415,-0.4950163835325115,-0.011386955382142587,0.5971949946856266,REIT—Residential,Real Estate,EQR
2013Q4,2013,Q4,2014-02-27,2013-12-31,67367000.0,630929000.0,220767000.0,0.18,416780000.0,0.66058146,22834545000.0,10507201000.0,199737000.0,555611000.0,11626205000.0,0.0,2047258000.0,18668998530.0,29381718530.0,29.193237922977115,0.359490722825862,0.47148975379189734,1.0246548057850993,0.010401822520276086,29.193237922977115,0.006411507688869757,29.589697937485834,69.28094812742144,1.7767813264445973,2.1550907714459604,0.0,0.007776635675807726,0.02763046077773829,0.09635158411190563,0.0029502230064141852,215.39578103907792,0.6605814600375003,8.563025210084032,1.7754259426046886,-0.10411992076146476,0.5793039005284155,0.008742206560043372,-0.8213986510848587,0.8185989422870982,2.138903979004901,0.05306781037362723,0.6214387147876956,REIT—Residential,Real Estate,EQR
2013Q3,2013,Q3,2013-11-07,2013-09-30,377192000.0,629446000.0,121394000.0,-0.0238,413168000.0,0.656399437,23811431000.0,10598637000.0,1112536000.0,402128000.0,12512584000.0,0.0,2171603000.0,19275075270.0,30009511270.0,29.45612279780218,2.766621573230414,0.4916628908191196,1.1045945813598483,0.005774188395675937,29.45612279780218,0.035588727116515076,30.622285740158805,12.775373861322615,1.8186371766482803,0.38757449786845954,0.0,0.007584406180116567,0.026434614534506556,2.419033243146461,0.015840795120629247,57.404565156532925,0.6563994369652043,0.8677777777777779,0.5900060194045794,-0.12145770353853388,0.5444446159768007,-0.004663891458526056,0.16145203058267824,0.7089803330846226,9.296838540091104,-0.06215282636321059,0.7537182187396722,REIT—Residential,Real Estate,EQR
2013Q2,2013,Q2,2013-08-08,2013-06-30,324759000.0,635078000.0,71033000.0,-0.18,415104000.0,0.6536267986,23482383000.0,10322384000.0,391188000.0,321532000.0,12435577000.0,0.0,1939598000.0,20672854440.0,32243856440.0,28.70095341898997,1.2166378463107872,0.4992494160409529,1.1357420921368553,0.0032434340422709956,28.70095341898997,0.03146162746900329,32.551677809654876,15.913996563605627,2.0027209257086347,0.4466481298439766,0.0,0.007016592721677385,0.02704487019055945,0.47449087493624276,0.013829899631566353,97.58112672466285,0.6536267985979675,0.6,0.8358088450191961,-0.11101096148829753,0.5197673978919773,0.22342372611605762,-0.6808848701858923,-0.3956129976431349,24.583369244091124,-0.024652896833393115,0.6607753440713243,REIT—Residential,Real Estate,EQR
2013Q1,2013,Q1,2013-05-09,2013-03-31,1017686000.0,539162000.0,117529000.0,-0.45,339297000.0,0.6293043649,23795158000.0,10123928000.0,243137000.0,739105000.0,12973313000.0,0.0,1759990000.0,18749902600.0,30849129600.0,29.993979830060557,0.3289613789650997,0.5108314052800154,1.2006519603853365,0.00528933985072553,29.993979830060557,0.1005228405417344,34.77600906592082,4.6060136918460115,1.8520383195139278,0.24499698335242895,0.0,0.013297669076958299,0.022658475308295914,0.07588502310226558,0.04276861704385405,102.36954012633832,0.6293043649218603,-2.125,4.7687481428784295,-0.1787749499016773,0.5891946605096281,-0.010744004058522022,6.807993002861768,-0.340347312648736,14.250926249494361,-0.08266454383488035,0.6761810343372795,REIT—Residential,Real Estate,EQR
2012Q4,2012,Q4,2013-02-21,2012-12-31,130339000.0,513752000.0,178168000.0,0.4,342982000.0,0.6676022672,17201000000.0,7289813000.0,872161000.0,374771000.0,9275521000.0,0.0,887355000.0,17590254660.0,25506908660.0,23.48537361709805,2.32718380024068,0.49585745014824717,1.1700223311626787,0.011270480510759469,23.48537361709805,0.01787960816004471,34.238805221196216,33.7394307536501,2.4129912056729026,0.6686486776789756,0.0,0.004954504734839354,0.029867565839195396,1.634571511669793,0.007577408290215685,14.941754046489503,0.6676022672417821,-0.04761904761904753,-0.5366068457610489,-0.12349346171389086,0.2622259053660135,-0.0515638955946564,-0.4236332521148497,-0.29914166804345943,6.55342804634054,-0.024672322032674252,0.27333638047846937,REIT—Residential,Real Estate,EQR
2012Q3,2012,Q3,2012-11-01,2012-09-30,226139000.0,556144000.0,254214000.0,0.42,361629000.0,0.6502434621,16668545000.0,5990772000.0,176525000.0,299519000.0,10040476000.0,0.0,770697000.0,17239432560.0,26492500560.0,19.880704595534553,0.5893616097810156,0.5584862386009096,1.5539154219189113,0.01658762201512065,19.880704595534553,0.037747889587518936,30.998145372421533,19.058446972879512,2.8776646081673616,0.48998182533751367,0.0,0.006427357722730057,0.033364879778049014,0.18725022452665774,0.013566811020398,-1296.6854125611133,0.6502434621249172,2.5,-0.55388883778997,-0.0479578066951642,0.05260255822808094,0.028983362878190772,1.1899112953207314,0.5340804171117186,0.5102692024538815,0.024971012751939903,0.0969549789299276,REIT—Residential,Real Estate,EQR
2012Q2,2012,Q2,2012-08-02,2012-06-30,103264000.0,543781000.0,165711000.0,0.12,351443000.0,0.6462951078,16714412000.0,5885258000.0,247616000.0,299805000.0,10157984000.0,0.0,654235000.0,18720035480.0,28060575480.0,19.604914171882754,0.825923516952686,0.5620457363381972,1.5962365626111887,0.010782184203409269,19.604914171882754,0.017546214626444585,34.42568879751224,45.320817225751476,3.180835144355609,1.133947939262473,0.0,0.006255116349811534,0.03253366017302912,0.17919647771051184,0.006178141354897797,-226.28141860774335,0.646295107773166,1.1739130434782608,-0.6535437563937164,-0.03108545325445317,0.06550026492217581,0.05040992058629254,-0.2892999951823481,0.1338264272811867,3.0481142504660945,-0.021393180661283977,0.08545820187527185,REIT—Residential,Real Estate,EQR
2012Q1,2012,Q1,2012-05-03,2012-03-31,145299000.0,527659000.0,146152000.0,0.0552,334577000.0,0.6340780694,16481247000.0,5822008000.0,413238000.0,265587000.0,10005069000.0,0.0,656001000.0,18711169100.0,27904107100.0,19.484305818175734,1.5559421206610264,0.5711076352414353,1.61672158471785,0.009489212774883325,19.484305818175734,0.024956853374299728,35.46072198143119,32.19424961630844,3.2138686686792597,1.182499535440712,0.0,0.009182536862434748,0.0320157206551179,0.8269531264707987,0.0088160198072391,-427.1858884500354,0.6340780693591884,-0.54,0.12575557342022306,-0.0191569035577035,-0.0001972002351223326,-0.0019806646561727234,3.026018287614298,0.018225392932783413,0.6389895976495161,-0.06648186036729584,0.06482005024417581,REIT—Residential,Real Estate,EQR
2011Q4,2011,Q4,2012-02-24,2011-12-31,36090000.0,512383000.0,143536000.0,0.12,335241000.0,0.6542781474,16659303000.0,5669015000.0,536158000.0,302406000.0,10380042000.0,0.0,615572000.0,16871241930.0,26208381930.0,19.163018750570426,1.7729740812020927,0.5835214714565189,1.7147707317761551,0.009311307498526265,19.163018750570426,0.006366185307324112,32.92701344502062,116.86922921862012,2.976044679719493,2.3876974231088943,0.0,0.0051076263595492164,0.03075656886725693,1.2695548368749296,0.0021663571399115557,-34.48275974623211,0.6542781474014555,0.09090909090909087,-0.961958713940922,-0.02048737676408751,-0.055446020503569615,0.029138999659246843,-0.6653623618425932,-0.08220956180903237,1.5054068140867416,-0.11483304179353951,0.03668631545851849,REIT—Residential,Real Estate,EQR
2011Q3,2011,Q3,2011-11-04,2011-09-30,107848000.0,511958000.0,156393000.0,0.11,325749000.0,0.6362807105,15756817000.0,5735699000.0,426124000.0,300413000.0,9523248000.0,0.0,684902000.0,15344753970.0,24065261970.0,19.388431232697048,1.4184605859267077,0.5570395975278509,1.530270504083286,0.01069091161492726,19.388431232697048,0.01880293927557914,29.972681294168662,35.57032575940212,2.6753067010664258,1.0054150285587122,0.0,0.007066388956902905,0.032491206821783865,0.18861700392459713,0.006844529577261702,-313.6062532188841,0.6362807105270354,1.022058823529412,0.5145948020483326,-0.023227282182403632,0.017876101282996087,0.029255268728869792,-0.8060022593016312,0.06756544591965596,-0.44705855158215874,-0.1309009294995535,0.016575006667532293,REIT—Residential,Real Estate,EQR
2011Q2,2011,Q2,2011-08-05,2011-06-30,555924000.0,498059000.0,146495000.0,0.0544,316490000.0,0.6354468045,16398122000.0,5750496000.0,966595000.0,268268000.0,10084172000.0,0.0,680619000.0,17679780000.0,26523638000.0,19.5155007584936,3.6030946665275025,0.5762014699000289,1.6430968737305442,0.00952450703259184,19.5155007584936,0.09667409559105858,35.49736075444877,7.950628143415287,3.07447914058196,0.20481756499089804,0.0,0.006440295071545007,0.030372929290317513,2.2543277617904485,0.03390168703464946,-63.17501268518585,0.6354468044950498,1.1847389558232932,2.409827821846724,-0.0054365615255093196,-0.0043905058148061065,0.011431292403958928,3.3659752927409663,0.09725863231218636,2.8356570292879186,-0.14904183250821207,0.03338106484890689,REIT—Residential,Real Estate,EQR
2011Q1,2011,Q1,2011-05-05,2011-03-31,127331000.0,520623000.0,133510000.0,0.0249,312913000.0,0.6010356822,16075329000.0,5278838000.0,306072000.0,258377000.0,10256546000.0,0.0,228092000.0,16522206949.999998,25892646950.0,18.022970689154818,1.1845946040088708,0.6019479912355138,1.8330761428935687,0.00871079481425759,18.022970689154818,0.024121028150513427,31.73545338949681,32.43948243161523,3.1298946756843073,1.0711060150316891,0.0,0.008254647845335215,0.03238646002206238,1.1845946040088708,0.007920895429263065,-154.9547666610395,0.6010356822499198,1.1556250000000001,-0.6676004163999475,-0.014381945914933213,-0.07933204929932478,0.09439221611337278,3.740481673589738,0.10693794978940735,-0.16822679999663517,-0.08616190611185384,-0.04507474673231647,REIT—Residential,Real Estate,EQR
2010Q4,2010,Q4,2011-02-24,2010-12-31,-46463000.0,470621000.0,120612000.0,-0.16,285924000.0,0.6075461996,16184194000.0,5090186000.0,612395000.0,278988000.0,10592078000.0,0.0,203581000.0,14687148150.0,24203816150.0,18.004527495693573,2.195058568827333,0.614678494338365,1.9543639466219898,0.008024313888488113,18.004527495693573,-0.009127957210208036,31.208016960569122,-79.0260430342423,2.8853853572344903,-1.7949336030820222,0.0,0.005678297729978301,0.029079050831941337,1.5463317418670337,-0.0028708874844184393,-144.89082393678416,0.6075461995958531,-2.670146137787057,-1.1041066154797496,-0.033011202604506865,-0.04499592467340735,-0.08081347126939324,-2.614251467880346,-0.051762634045095755,-1.181363324136282,-0.1184642543184142,-0.0323432196797559,REIT—Residential,Real Estate,EQR
2010Q3,2010,Q3,2010-11-04,2010-09-30,28783000.0,527356000.0,127196000.0,0.0958,311062000.0,0.5898520165,16086829000.0,4748623000.0,43660000.0,285148000.0,11223135000.0,0.0,150344000.0,13448847690.0,23581714690.0,16.796382955393558,0.15311347089932245,0.6325999362584136,2.143047995176707,0.010313523400948158,16.796382955393558,0.0060613360968011145,25.50240765251557,116.81242130771636,2.8321573833088034,3.6745648473057013,0.0,0.007864242531249902,0.03278184905179262,0.15311347089932245,0.0017892276967698233,-69.7601378204962,0.5898520164746395,4.9875,-0.8910910178908036,0.05831277438797764,-0.08612415121801911,0.015172332766560166,1.8895693203493624,0.046630845312641424,-0.9394794626269766,-0.03778543415199794,-0.11069974492770661,REIT—Residential,Real Estate,EQR
2010Q2,2010,Q2,2010-08-05,2010-06-30,9961000.0,510937000.0,121529000.0,0.016,306413000.0,0.5997079875,15625272000.0,4877178000.0,47982000.0,344152000.0,10629407000.0,0.0,220965000.0,11751515880.0,21682934880.0,17.28165914881102,0.13942095353216022,0.6386705460231348,2.0461424618908723,0.008437539546946008,17.28165914881102,0.0020423695833943316,22.9999312635413,294.9381558076498,2.4094908736158493,10.33239634574842,0.0,0.00875810415021964,0.03269939876886623,0.13942095353216022,0.0006374929025235529,-230.49419190334223,0.5997079874818226,-0.9199999999999999,-0.9287609229235192,0.03400341866275915,-0.05423457370601258,0.08797525884474997,-0.820467530594957,0.005859908459622086,-0.9644516228847049,-0.031619153681722884,-0.06076546727444626,REIT—Residential,Real Estate,EQR
2010Q1,2010,Q1,2010-05-06,2010-03-31,55483000.0,488690000.0,120821000.0,0.2,281636000.0,0.576308089,15518413000.0,5021928000.0,60186000.0,266047000.0,10371372000.0,0.0,310276000.0,10987251750.0,20512798750.0,17.89423649094051,0.2262231861287667,0.6177005986372447,1.9087754742799976,0.008938871385246955,17.89423649094051,0.011048147245440397,22.48307055597618,49.5072893949498,2.187855291832141,1.844817331434854,0.0,0.009315887387398764,0.03149097784676822,0.2262231861287667,0.003575301159983305,-27.22696651905745,0.5763080889725593,3.6455026455026456,-0.7522570964239598,0.014165561693373453,-0.021241154247115458,-0.002341505577459201,3.681374444229654,-0.06667336155486203,-0.5423094271863349,-0.0328135734292889,-0.08178880426892089,REIT—Residential,Real Estate,EQR
2009Q4,2009,Q4,2010-02-25,2009-12-31,-20692000.0,464400000.0,129452000.0,-0.0756,282297000.0,0.607874677,15417515000.0,5047339000.0,193288000.0,592152000.0,10243002000.0,0.0,353659000.0,9244167240.0,18443449240.0,18.44396655679717,0.32641619043759035,0.6092142605342041,1.8608954143955854,0.008948442996190705,18.44396655679717,-0.004099585940235043,19.905614211886306,-111.68769621109608,1.8314932363370084,0.0,0.0,0.0,0.030121585741930527,0.32641619043759035,-0.001342109931464312,-25.599665582032927,0.607874677002584,-3.4308681672025725,-1.0703171369570197,0.027233606067690135,0.01870128234249132,-0.034502453956256306,-1.1521683176326105,-0.02737873414678127,-1.0235779645984875,-0.04028326229902438,-0.090888432783939,REIT—Residential,Real Estate,EQR
2009Q3,2009,Q3,2009-11-05,2009-09-30,135981000.0,492757000.0,133096000.0,0.0311,292385000.0,0.5933654925,15791396000.0,4959651000.0,1016564000.0,304930000.0,10464788000.0,0.0,405250000.0,8401300600.0,17598832600.0,18.123537408005614,3.3337618469812744,0.6228151076700249,1.9830266282849338,0.008560348402877716,18.123537408005614,0.027417453365166218,17.04958143669192,15.44572513807076,1.6939297946569223,1.056456416705275,0.0,0.017099495285289517,0.031204144332774634,2.0909323451283903,0.008611081629515212,115.91358324480194,0.593365492524713,-0.6117353308364544,0.590868712728956,0.026434795200357835,0.012687894892044107,-0.04821351840518757,4.863777490297542,-0.13409842038150258,1.0644203425891974,0.016313097482749336,-0.048529745552233126,REIT—Residential,Real Estate,EQR
2009Q2,2009,Q2,2009-08-06,2009-06-30,23190000.0,505150000.0,153708000.0,0.0801,307196000.0,0.6081282787,15923062000.0,4928979000.0,843217000.0,363668000.0,10844283000.0,0.0,365705000.0,6066589230.0,15373074230.0,18.06141787681247,2.318645027882574,0.6263858044388698,2.023538749099966,0.010200005056299437,18.06141787681247,0.004704828322457856,12.009480807680887,65.40091882276843,1.2308003807685122,6.228158689090125,0.0,0.023807611579464066,0.03172442586733632,1.8354515657137829,0.0014563781765090157,68.31129211332312,0.6081282787290904,0.10635359116022096,-0.8137800764867529,0.05679349633877001,0.00025639766956168453,0.008456437528724312,-0.7129772881985271,0.02334189957523868,-0.8464187301368885,0.08916213369047642,-0.07857249787585163,REIT—Residential,Real Estate,EQR
2009Q1,2009,Q1,2009-05-07,2009-03-31,80795000.0,515144000.0,150202000.0,0.0724,304620000.0,0.5913298029,16035656000.0,4983043000.0,635255000.0,345485000.0,10888762000.0,0.0,401262000.0,4997145400.0,14651184400.0,18.298214626694673,1.838733953717238,0.628763488066843,2.0233891218679028,0.009048012369966718,18.298214626694673,0.01621398811930782,9.70048258351063,15.462421560740145,1.0028300779262793,1.778105080759948,0.0,0.02874881327247352,0.03212490963886978,1.2405632661331172,0.005038459293464514,-494.9628961965135,0.5913298029288898,1.3016666666666667,-0.2967149983614008,0.13459193859279125,0.011077058482152829,-0.4241435501128574,2.2381236974377834,1.4580967187627853,-0.7731510116215483,0.0489142509723452,-0.06527175500665916,REIT—Residential,Real Estate,EQR
2008Q4,2008,Q4,2009-02-26,2008-12-31,-65256000.0,528986000.0,61105000.0,-0.24,528986000.0,1.0,16535110000.0,4997294000.0,890794000.0,10751552000.0,11219315000.0,0.0,481441000.0,8061687900.0,17672139900.0,18.484876731583718,0.08285259653676046,0.6350877617385068,2.101386470357758,0.0039034489902371157,18.484876731583718,-0.013058267134173015,15.23988895736371,-30.884853116954762,1.6132106496035654,-2.210923133504965,0.0,0.01789650030981725,0.031991683151790344,0.08285259653676046,-0.003946511393029741,54.2235607869514,1.0,-3.0,-1.2441686607403684,0.273721072474953,0.005381993124538259,-0.017337303717684126,-1.366111051890418,-0.6097272785335632,-1.1529062056040413,0.1366529953368538,-0.01951702899203907,REIT—Residential,Real Estate,EQR
2008Q3,2008,Q3,2008-11-06,2008-09-30,178241000.0,538319000.0,156570000.0,0.12,538319000.0,1.0,16367324000.0,5156103000.0,530050000.0,10416692000.0,10873959000.0,0.0,647871000.0,12006021450.0,21577376450.0,19.07230760694668,0.05088467624846736,0.6171690008702706,1.9591162162586744,0.009893511195947594,19.07230760694668,0.03456893704412033,22.302800848567486,16.8395900073496,2.3285069072514646,0.0,0.0,0.0,0.03288986030948003,0.05088467624846736,0.010890051421967329,-91.32485034039478,1.0,-0.2941176470588236,0.310170489150244,0.14843371119973037,-0.016319822095403818,0.005217310116241072,0.34407896721262027,-0.05600540217895924,-0.29470820194503955,0.12975282838531813,0.03770682942975507,REIT—Residential,Real Estate,EQR
2008Q2,2008,Q2,2008-08-07,2008-06-30,132612000.0,535525000.0,165859000.0,0.17,535525000.0,1.0,16083223000.0,5091573000.0,273600000.0,10159854000.0,10644870000.0,0.0,604373000.0,10317898160.0,19914014160.0,18.885096139580426,0.026929520837602586,0.6136653082532028,1.9384414207554326,0.010732060232515517,18.885096139580426,0.026045389116487183,19.26688419774987,19.451290531776916,2.0264657228718908,0.0,0.0,0.0,0.03329711961340087,0.026929520837602586,0.008245362263521435,-22.728249920699255,1.0,0.7616580310880829,-0.0213167066122035,0.11570202855268792,-0.022424858808786884,0.02431658033863033,-0.05602141199584288,0.12946808583083072,-0.007230181725799878,0.13444845253152637,0.03351598635609289,REIT—Residential,Real Estate,EQR
2008Q1,2008,Q1,2008-05-08,2008-03-31,140482000.0,522812000.0,146847000.0,0.0965,522812000.0,1.0,16010945000.0,5072948000.0,506078000.0,295702000.0,10589251000.0,0.0,606045000.0,11151848160.0,20512631160.0,18.873697839157092,1.7114459827799609,0.6160430880250979,1.944319555414327,0.008906654207990231,18.873697839157092,0.02769237926349728,21.330512995111054,19.845688700331714,2.1982973529395533,1.0181375549892513,0.0,0.012825676780018138,0.03265341302465282,1.7114459827799609,0.008774122951518477,101.388733259994,1.0,-0.8939560439560439,0.04525341154125703,0.0832137045621779,-0.014268437222597859,0.017559703380758674,-0.4302181266578518,-0.05009961705651004,-0.3450383588095903,0.13285636872810935,0.03233232228122783,REIT—Residential,Real Estate,EQR
2007Q4,2007,Q4,2008-02-27,2007-12-31,246554000.0,513790000.0,154592000.0,0.91,513790000.0,1.0,15689777000.0,5062518000.0,50831000.0,9759362000.0,10269213000.0,0.0,599504000.0,9922976420.0,19380878420.0,18.606315650198834,0.0052084347316966005,0.6060464084352506,1.878261568650225,0.021218768381657826,18.606315650198834,0.048701851529219256,19.313292240020242,10.061666430072114,1.9600871384556064,0.5731036608613124,0.0,0.014239779882496183,0.032746800671545555,0.0052084347316966005,0.015714308750213596,-109.56019498514978,1.0,-0.7073954983922829,0.047615751898741544,0.09766279145713375,-0.019251626686068567,-0.02590927015713159,-0.46132788006300973,0.058987128461923125,-0.1573005407107984,0.14304836755132824,0.027668183747680902,REIT—Residential,Real Estate,EQR
2007Q3,2007,Q3,2007-11-07,2007-09-30,457707000.0,527456000.0,145981000.0,3.11,527456000.0,1.0,15789585000.0,5138940000.0,66269000.0,154363000.0,10285969000.0,0.0,609991000.0,11672489400.0,21137288400.0,18.887190079607183,0.42930624566767944,0.6034061693198396,1.8539879819573686,0.019906762859755036,18.887190079607183,0.08906642225828673,22.129787887520475,6.375524844496588,2.271380751672524,0.3201065310340458,0.0,0.012552163894019043,0.033405311159222996,0.42930624566767944,0.028987905635265272,-28.126141612751653,1.0,0.6902173913043477,4.197672846323622,0.0479953279293008,-0.030936256228881423,-0.008067761675687265,0.6207697564810323,-0.01661861392541496,4.385742894392824,0.10506227450727938,0.055358472882589965,REIT—Residential,Real Estate,EQR
2007Q2,2007,Q2,2007-08-07,2007-06-30,282401000.0,531746000.0,148448000.0,1.84,531746000.0,1.0,15668664000.0,5233324000.0,70491000.0,256252000.0,10078708000.0,0.0,288109000.0,12978267120.0,22243535120.0,18.39972716789019,0.2750846822658945,0.5955539030002813,1.7830988488387114,0.020384407455259778,18.39972716789019,0.053962070760380974,24.406891861903993,11.489218451776022,2.4799280763048497,0.5664427533896834,0.0,0.01232552840228488,0.033936907447884516,0.2750846822658945,0.018023297965927408,-27.90527093013505,1.0,1.3,1.3937369580400714,-0.007879726034924052,-0.0688909611234393,0.01060693888799141,1.2370699557182125,0.09686047628547573,1.1758578175642662,0.06736484205301041,0.018992248592206152,REIT—Residential,Real Estate,EQR
2007Q1,2007,Q1,2007-05-09,2007-03-31,126237000.0,526165000.0,135339000.0,0.8,526165000.0,1.0,15321894000.0,5695431000.0,175938000.0,1146093000.0,9241145000.0,0.0,143024000.0,14095265730.0,23344928730.0,19.488148885718097,0.15351110250215297,0.6148981973116379,1.654204045312813,0.017905731067003702,19.488148885718097,0.022164608789045113,26.788679843775242,27.91429163002923,2.4748374144116574,1.2710061234028058,0.0,0.011383112817696415,0.0343407283720929,0.15351110250215297,0.008238994474181848,-21.45914197021506,1.0,-0.750778816199377,0.16079118512113183,-0.05448806746986922,-0.022802741782405347,0.025956755639530236,-0.8642790945703896,0.29795436890410565,0.02391391975664211,0.07984871341725029,0.07682747484492507,REIT—Residential,Real Estate,EQR
